3111 4829
1327 348 1578 432 (257)

445 479 566 528 Hor.
590 480 701 530 Sat.
728 480 786 542 1,
805 479 838 529 9
852 516 870 541 ‚
894 479 959 527 78
974 515 994 544 ,
1018 485 1069 528 et
1085 480 1266 529 Juven.
1287 481 1339 544 1,
1362 479 1454 530 128
1472 518 1489 543 ‚
1508 481 1760 544 —sorum
1780 483 2024 548 juv-isque
2038 488 2240 548 peritus
2259 484 2463 547 Apollo.

447 566 578 632 —5)
608 567 686 617 Cf.
709 568 861 616 Baeh.
891 568 962 616 ih.
985 572 1108 616 sect.
1130 567 1183 618 5.
1204 565 1250 635 §.
1285 568 1333 618 1.
1369 584 1480 632 sqq.
1498 606 1514 633 ,
1542 570 1689 619 Ilein.
1713 570 1863 634 Sym.
1890 571 1950 636 1,
1975 572 2035 634 2,
2058 571 2142 621 35.
2165 572 2404 620 mackeld.
2425 572 2466 619 l.

443 671 492 704 c.
527 669 646 703 vero
682 654 839 703 simile
853 692 869 718 ‚
889 655 960 705 ait
974 691 991 719 ‚
1020 654 1401 720 disputationem
1423 657 1516 706 sori
1550 673 1655 708 eae
1682 659 1764 722 id,
1787 660 1924 723 quod
1956 659 2085 709 Galli
2116 665 2296 708 vocant
2320 661 2465 723 plai-

442 747 615 809 doyer.
648 745 724 793 Εἰ.
748 745 952 794 Dii-lmen
991 744 1246 795 Ver-suche
1263 762 1317 811 p.
1356 746 1471 796 211.
1498 774 1561 784 —-
1581 747 1635 811 6)
1674 748 1778 813 caj.
1804 748 1997 798 Institi.
2029 749 2083 814 1,
2122 747 2175 811 ⁷,
2199 748 2466 813 Responsa

436 835 756 900 prudentum
784 842 910 883 tunt
943 838 1203 885 muntia
1236 844 1285 885 et
1312 839 1580 901 opinione:
1600 854 1808 901 eorum,
1838 838 2024 902 quibus
2052 841 2357 902 per-mabsam
2393 845 2467 886 est

433 925 566 987 jura
584 925 811 973 condere.
845 925 1079 988 Quorum
1110 929 1340 975 omnium
1373 928 1424 975 ei
1441 930 1499 975 in
1531 943 1698 976 unum
1719 929 1979 977 centonum
2000 933 2311 976 concurrant
2326 962 2344 990 ,
2378 920 2469 989 id,'

443 1015 583 1077 quod
608 1017 684 1064 ita
717 1017 971 1081 metunt,
1006 1016 1130 1080 leqia
1158 1019 1261 1065 vim
1292 1016 1513 1076 obtinem-
1535 1019 1586 1065 ei
1606 1033 1721 1066 vero
1738 1018 2072 1080 discentium,
2102 1017 2279 1079 judici
2307 1017 2422 1064 licet
2447 1053 2464 1074 ‚

444 1115 600 1164 quam
639 1101 783 1165 volit,
822 1105 1122 1164 sententiam
1153 1105 1324 1167 aequi,
1354 1104 1508 1167 idque
1543 1106 1785 1167 rescripto
1808 1103 1939 1151 Dim·
1967 1103 2195 1153 Adriani
2209 1103 2470 1165 eiqm'fico·

446 1194 549 1239 tur.
568 1188 686 1258 -7)
712 1188 962 1241 chnlack.
989 1188 1034 1259 §.
1059 1190 1141 1242 47.

951 1378 1194 1424 sumen
1240 1377 1497 1423 tonum
1542 1375 1622 1422 m*
1667 1377 1963 1423 PluvA'rA.

537 1525 688 1587 263.
735 1523 994 1586 Justitiae
1028 1521 1553 1584 administratione
1594 1520 2064 1603 complectimur
2085 1521 2468 1602 judiciorum

447 1636 513 1698 in
540 1634 770 1721 privata
801 1644 862 1698 et
900 1631 1150 1718 publica
1183 1631 1545 1696 divisionem
1572 1681 1590 1715 ,
1620 1630 1864 1716 judices
1880 1679 1904 1719 ,
1941 1634 2077 1719 lege
2105 1632 2330 1719 agendi
2359 1657 2472 1699 ra—

444 1751 678 1815 tionem
715 1750 837 1812 sive
869 1748 1025 1835 legis
1052 1748 1322 1813 actiones
1343 1796 1361 1830 ,
1397 1757 1457 1811 et
1486 1768 1718 1832 poenas,

533 1861 774 1928 Judicia
797 1863 892 1927 vel
913 1861 990 1926 de
1006 1862 1152 1947 jure
1181 1863 1342 1926 inter
1365 1861 1627 1947 privatos
1653 1870 1816 1944 sunt,
1840 1861 1936 1924 vel
1960 1859 2038 1925 de
2058 1861 2462 1926 criminibus:

447 1977 550 2042 illa
581 1977 842 2063 privata,
869 1975 1003 2041 haec
1024 1976 1270 2062 publica
1292 1975 1458 2062 apud
1475 1975 1792 2040 Romanos
1818 1974 2116 2060 adpellata
2145 1972 2245 2063 1);
2269 1997 2473 2062 neque

446 2102 654 2155 tamen
693 2089 980 2154 omnium
1010 2089 1378 2154 delictorum
1410 2087 1489 2154 ad
1518 2111 1591 2153 ea
1630 2086 1899 2174 cognitio
1932 2089 2310 2174 pertinebat,
2365 2090 2472 2153 sed

448 2225 661 2267 eorum
686 2251 704 2285 ‚
745 2224 921 2288 quae,
958 2203 1250 2266 caete‘rum
1294 2201 1431 2287 lege
1461 2200 1715 2268 definita
1738 2250 1755 2285 ,
1791 2202 1887 2266 vel
1937 2200 2291 2286 reipublicae
2314 2250 2333 2285 ,
2376 2204 2473 2266 vel

338 2389 341 2392 Α
446 2313 711 2400 publicae
753 2312 1066 2376 securitati
1102 2323 1210 2376 aut
1248 2312 1520 2376 libertati
1561 2312 1963 2382 vehementer
2009 2313 2339 2378 metuenda
2387 2312 2470 2402 2)

448 2427 812 2491 videbantur
856 2424 957 2512 3).
997 2424 1228 2491 Caetera
1270 2427 1531 2493 crimina
1566 2426 1821 2512 judiciis
1858 2429 2103 2514 privatis
2139 2429 2469 2496 adtributa.

532 2538 775 2603 Judicia
801 2538 1048 2624 publica
1089 2537 1184 2630 (§.
1228 2538 1420 2626 196.)
1451 2540 1630 2603 initio
1678 2551 1901 2606 cuncta
1950 2542 2424 2608 extraordinaria
2451 2594 2468 2626 ,

445 2675 643 2742 quum
671 2652 913 2739 Rege-⁶1,
945 2652 1315 2741 quandoque
1341 2656 1639 2740 populuS,
1671 2656 1837 2719 velut
1868 2656 1936 2718 in
1965 2655 2203 2739 judicio
2235 2659 2472 2722 Horatii

447 2767 613 2858 (Liv.
646 2768 709 2851 1,
741 2763 892 2854 26.)
917 2816 935 2850 ‚
972 2767 1118 2832 dein
1151 2768 1441 2834 Consules
1463 2818 1481 2852 ‚
1510 2791 1651 2833 mox
1689 2771 1952 2865 populus
1989 2770 2155 2834 solus
2191 2783 2298 2836 aut
2329 2774 2474 2838 suf—

448 2883 659 2968 fragiis
681 2932 700 2967 ,
732 2883 931 2969 primo
959 2883 1248 2967 curiatis,
1278 2894 1411 2969 post
1438 2884 1796 2948 centuriatis
1825 2883 2141 2948 tributisve
2171 2886 2433 2948 comitiis
2453 2934 2470 2967 ‚

443 2993 788 3079 judicaret,
825 3005 932 3060 aut
968 2996 1176 3060 electis
1212 3018 1250 3060 a
1283 3018 1345 3059 se
1375 2994 1690 3080 judicibus
1727 3018 1860 3060 rem
1903 2997 2314 3081 permitteret;
2350 3020 2474 3083 quo

449 3108 759 3173 referendi
794 3110 1137 3191 Quaestores
1165 3108 1484 3173 Parricidii
1518 3106 1621 3197 4),
1662 3120 1810 3175 teste
1838 3110 2176 3194 Pomponio
2208 3107 2276 3198 5)
2294 3159 2313 3195 ,
2337 3110 2472 3193 jam

447 3224 516 3288 in
552 3225 688 3310 lege
719 3224 835 3288 XII
869 3222 1229 3301 tabularum¹
1250 3234 1658 3287 occurrente&
1694 3221 1923 3286 Eadem
1962 3222 2217 3285 ineunte
2249 3226 2469 3288 saeculo

450 3338 704 3424 septimo
729 3386 746 3421 ,
784 3336 1053 3401 nimium
1085 3337 1510 3424 frequentibus
1539 3337 1740 3401 causis
1763 3384 1781 3420 ‚
1821 3345 2114 3421 perpetua
2142 3336 2301 3401 facta
2329 3351 2473 3403 sunt

449 3450 851 3541 (quaestiones
879 3447 1256 3538 perpetuae),
1287 3451 1425 3536 lege
1456 3449 1845 3536 singulorum
1876 3448 2213 3512 criminum
2250 3454 2469 3536 cogni-

450 3564 678 3629 tionem
713 3564 791 3629 ad
822 3564 1095 3651 singulos
1125 3565 1517 3651 propriosque
1551 3564 1842 3627 Praetores
1871 3559 2203 3628 deferente.
2236 3564 2467 3649 Populo

451 3688 657 3742 tamen
691 3679 993 3766 graviores
1023 3689 1186 3743 extra
1216 3675 1500 3742 ordinem
1529 3699 1703 3743 casus
1737 3675 2040 3744 reservati.
2073 3676 2225 3739 Exin
2256 3676 2468 3743 divisio

449 3793 514 3859 in
543 3794 775 3879 judicia
799 3795 1045 3882 publica
1063 3792 1368 3859 ordinaria
1402 3793 1524 3856 sive
1557 3791 1931 3873 Praetorum,
1963 3798 2025 3851 et
2060 3790 2467 3858 extraordina-

449 3907 540 3972 ria
586 3909 708 3973 sive
741 3909 987 3995 populi,
1027 3931 1151 3974 non
1203 3929 1384 3993 parva
1420 3904 1498 3970 de
1530 3903 1892 3970 discrimine
1929 3905 2333 3971 controversia
2367 3907 2457 3994 6).

448 4019 617 4085 Inter
661 4020 1056 4087 memoranda
1099 4019 1311 4108 populi
1356 4016 1598 4103 judicia
1626 4027 1960 4083 occurrunt
1991 4013 2058 4103 7)
2069 4064 2103 4163 3
2111 4016 2235 4162 §ub
2272 4018 2467 4105 Regi-
