3111 4829
1552 367 1804 449 (ιι-4)

662 542 2692 584 Μ

1479 698 1733 764 CAPUT
1776 700 1858 763 11.

1135 904 1479 971 Fomtu
1512 904 2172 1007 ‚REIPUBLIGAL

1053 1096 1332 1152 ervum
1388 1096 1881 1151 uolumenum
1935 1086 2252 1153 n1v1s1o.

729 1445 873 1509 128.
924 1444 1004 1508 Ut
1046 1441 1217 1506 urbis
1243 1489 1260 1524 ,
1298 1442 1385 1506 sic
1440 1440 1796 1527 reipublic-az
1837 1443 2133 1506 Romanoe
2172 1443 2429 1509 obscura
2483 1445 2661 1513 initia

636 1568 782 1622 sunt
807 1606 823 1639 ,
864 1576 1004 1642 quae
1022 1604 1040 1638 ,
1069 1553 1568 1619 dissentientibus
1589 1551 1894 1616 veteribus
1921 1601 1937 1634 ,
1964 1546 2330 1619 recentiores
2355 1556 2658 1622 illustrare

636 1674 860 1736 frustra
895 1679 956 1733 et
988 1669 1373 1751 laboravere,
1428 1678 1490 1731 et
1539 1666 1724 1731 hodie
1777 1667 2072 1731 laborant.
2125 1667 2222 1732 Ad
2267 1670 2406 1753 ejus
2445 1684 2655 1737 antem

634 1783 1051 1869 cognitionem
1120 1781 1386 1865 pertinet
1435 1780 1669 1843 civium
1738 1782 2162 1846 Romanorum
2215 1803 2344 1848 non
2402 1785 2653 1870 simplex

635 1895 851 1959 divisio
876 1943 893 1978 ,
935 1903 1375 1980 argumentum
1436 1915 1474 1956 a
1524 1892 1734 1955 multis
1793 1894 2032 1978 copiose
2099 1904 2422 1962 tractatum
2450 1945 2468 1980 ,
2525 1920 2650 1984 qua

627 2008 891 2093 exposita
913 2055 932 2090 ,
970 2004 1049 2070 ad
1088 2005 1376 2088 comitia,
1432 2015 1493 2069 et
1548 2003 1836 2090 deinceps
1877 2004 1957 2069 ad
1998 2017 2244 2072 eaeteras
2294 2009 2647 2094 reipublieae

623 2118 1124 2187 administrandae
1160 2129 1363 2205 partes
1390 2117 1880 2205 progrediemur.

710 2236 908 2322 Igitur
934 2234 1197 2321 populus
1223 2234 1543 2299 Romanus
1572 2255 1644 2298 ex
1675 2234 1950 2299 instituto
1976 2236 2233 2301 civitatis
2257 2236 2644 2325 quadruplici

617 2348 853 2413 ratione
881 2347 1107 2413 divisus
1145 2347 1486 2434 reperitur,
1514 2347 1583 2411 in
1613 2347 1933 2434 patricios,
1965 2348 2238 2436 plebejos
2274 2362 2335 2414 et
2371 2353 2639 2440 equites,

615 2466 683 2527 in
723 2476 1005 2549 patronos
1044 2475 1105 2528 et
1148 2463 1440 2546 clientes,
1480 2465 1549 2526 in
1589 2463 1783 2528 tribus
1831 2476 1892 2528 et
1942 2467 2183 2550 curias,
2222 2467 2290 2530 in
2321 2470 2536 2535 classes
2577 2481 2641 2536 et

614 2578 943 2642 centurias.
967 2577 1216 2642 Diversa
1237 2587 1327 2641 est
1345 2576 1654 2640 nobilium
1673 2574 1772 2665 (ς.
1806 2575 1998 2664 132.)
2017 2626 2035 2660 ,
2059 2589 2152 2661 et,
2175 2600 2315 2664 quas
2357 2584 2632 2665 partium

607 2690 677 2753 in
697 2689 1008 2775 republica
1027 2689 1239 2754 studiis
1256 2700 1397 2755 nata
1408 2688 1801 2774 ,optimatum
1818 2700 1880 2753 et
1894 2691 2283 2775 popularium
2302 2690 2633 2762 distinctio.

1139 2870 1415 2914 rumen
1433 2898 1451 2933 ,
1498 2870 1736 2913 rmmr
1758 2898 1776 2932 ,
1821 2871 2088 2926 murres.

701 3017 844 3079 129.
896 3012 1086 3099 Origo
1152 3009 1461 3075 divisionis
1515 3012 1728 3096 populi
1785 2989 2053 3078 Romani
2105 3015 2171 3079 in
2235 3018 2518 3102 patricios
2560 3034 2623 3086 et

594 3127 909 3215 plebejos,
950 3127 1073 3190 sive
1122 3126 1200 3191 ad
1243 3124 1718 3190 Atheniensium
1771 3126 1873 3190 illa
1898 3175 1916 3209 ,
1962 3138 2033 3190 ut
2069 3128 2336 3213 conjecit
2376 3131 2627 3220 Diony-

594 3243 724 3306 sius
757 3241 869 3329 1),
911 3239 1033 3304 sive
1072 3239 1151 3305 ad
1181 3241 1580 3304 Etruscorum
1621 3236 1735 3326 2),
1774 3240 1989 3306 utalia
2024 3243 2219 3308 multa
2257 3241 2369 3331 3),
2412 3268 2626 3311 exem-

592 3357 727 3443 plar
749 3355 1022 3419 instituta
1038 3403 1056 3438 ,
1076 3377 1111 3420 a
1135 3351 1482 3440 primordiis
1526 3353 1787 3418 civitatis
1829 3354 2157 3439 repetenda
2180 3333 2302 3439 est,
2327 3368 2621 3425 caeterum

592 3471 759 3536 varie
787 3489 935 3533 eum
968 3491 1006 3532 a
1032 3467 1337 3533 veteribus
1374 3467 1772 3552 scriptoribus
1808 3468 2100 3553 traditur,
2140 3480 2274 3532 tum
2318 3491 2356 3532 a
2395 3490 2618 3536 recen-

588 3583 848 3648 tioribus
876 3582 1211 3668 explicatur
1244 3579 1333 3669 4).
1364 3582 1666 3667 Vulgares
1694 3592 1901 3646 tamen
1931 3592 2074 3647 sunt
2098 3579 2236 3644 duae
2259 3583 2612 3651 sententiae:

588 3698 778 3760 altera
797 3745 815 3779 ,
852 3693 1017 3781 apud
1046 3695 1447 3782 Dionysium,
1478 3695 1823 3761 Romulum
1863 3716 2088 3781 genere
2117 3703 2179 3757 et
2202 3692 2421 3778 opibus
2451 3700 2614 3762 emi-

585 3817 802 3871 nentes
836 3808 997 3871 cives
1034 3808 1114 3872 ab
1155 3807 1594 3873 humilioribus
1633 3829 1979 3893 segregasse
2002 3855 2020 3890 ,
2060 3805 2169 3870 hos
2200 3807 2471 3894 plebejos
2489 3811 2569 3899 6)
2595 3863 2613 3895 ,

582 3920 720 3983 illos
748 3928 955 3982 autem
980 3920 1076 3982 vel
1105 3920 1185 3983 ab
1214 3920 1341 4006 ipso
1370 3920 1643 3985 Romulo
1670 3920 1993 4005 patricios,
2028 3920 2118 3984 vel
2147 3921 2350 4006 primo
2374 3934 2571 4009 patres
2590 3977 2608 4007 ,

578 4042 644 4095 et
675 4030 752 4093 ab
771 4028 869 4093 bis
892 4039 1055 4094 ortos
1090 4032 1373 4115 patricios
1404 4055 1531 4097 esse
1560 4031 1890 4118 adpellatos
1921 4031 2020 4120 6);
2051 4035 2234 4102 altera
2256 4085 2273 4119 ,
2304 4060 2441 4123 quae
2467 4061 2606 4104 vero
