3111 4829
1502 377 1754 459 (142)

624 507 754 569 haec
786 510 1133 592 scrupulose
1161 510 1541 595 investigare.
1576 508 1737 573 Illud
1761 511 1939 574 facile
1971 511 2282 593 crederes,
2309 521 2634 601 ‘postquam

622 620 688 683 vi
723 630 957 706 aequata
1005 631 1148 685 sunt
1188 622 1399 708 populi
1441 622 1620 706 jussis
1662 622 2006 707 plebiscita,
2046 634 2108 688 et
2141 624 2338 687 forma
2383 625 2636 708 insuper

621 731 1008 795 comitiorum
1053 733 1532 797 centuriatorum
1586 721 1928 798 humilium·
1970 735 2037 798 in
2093 734 2353 821 gratiam
2405 734 2634 798 civium

621 854 850 909 mutata
880 843 971 934 (ς.
1001 847 1144 910 163.
1170 842 1196 931 )
1218 893 1236 927 ,
1260 845 1392 929 jam
1435 867 1551 909 nec
1584 857 1862 930 senatus,
1890 868 2006 911 nec
2034 848 2245 933 populi
2269 845 2522 933 perinde
2543 848 2638 912 in-

620 955 929 1039 terfuisse,
957 977 1037 1019 ne
1053 1005 1070 1039 ,
1099 977 1238 1043 quae
1258 967 1436 1023 antea
1462 958 1817 1025 centuriatis
1839 959 2152 1024 tributisve
2173 960 2446 1046 propria,
2481 981 2637 1044 pro—

622 1067 855 1131 miscue
897 1079 1246 1153 agerentur.

706 1182 758 1244 E
788 1179 1047 1264 ‘judiciis
1091 1182 1351 1268 publicis
1388 1183 1465 1248 ad
1502 1185 1748 1250 comitia
1776 1186 2114 1251 centuriata
2141 1187 2403 1272 pertinet
2435 1191 2634 1279 unum

616 1294 1057 1379 perduellionis
1094 1298 1368 1382 crimen,
1405 1298 1571 1386 quod
1608 1300 1849 1385 proprie
1876 1311 1966 1364 est
1987 1312 2196 1365 contra
2219 1300 2474 1385 patriam
2496 1298 2635 1362 bel·-

618 1408 838 1492 lantis,
874 1407 1134 1498 ideoque
1178 1424 1285 1477 aut
1318 1434 1580 1500 reg-num
1620 1413 1979 1479 adfectantis
2001 1464 2019 1499 ,
2065 1424 2137 1479 ut
2173 1414 2387 1500 Spurii·
2407 1414 2594 1479 Cassii
2616 1464 2634 1499 ,

617 1520 832 1584 Manlii
873 1522 1230 1609 Capitolini,
1275 1524 1551 1590 Catilinae
1579 1572 1596 1607 ,
1636 1535 1745 1589 aut
1780 1525 2033 1590 omnino
2062 1525 2417 1611 reipublicae
2449 1547 2634 1589 ever—

619 1633 854 1699 sionem
913 1639 1237 1723 tentantis3
1291 1638 1393 1704 sed
1442 1640 1624 1706 latius
1666 1651 1910 1725 patente
1960 1639 2403 1726 significatione
2451 1660 2636 1702 omne

616 1750 859 1815 facinus
897 1750 1125 1816 civium
1162 1752 1294 1835 juri
1349 1764 1412 1817 et
1458 1753 1724 1818 lib'ertati
1776 1752 2173 1818 vehementer
2228 1752 2634 1817 metuendum

618 1863 1043 1947 complectitur
1084 1862 1199 1953 2),
1250 1866 1431 1951 cujus
1482 1889 1662 1952 poena
1703 1867 2014 1952 capitalis,
2065 1865 2378 1951 judicium
2428 1875 2633 1953 autem

578 1998 581 1999 ⁷
620 1974 717 2065 (§
748 1973 889 2064 71.)
914 1977 1050 2063 lege
1071 1978 1191 2041 XII
1212 1974 1402 2044 Tabb.
1427 1979 1567 2043 solis
1591 1980 1853 2043 comitiis
1875 1978 2248 2045 centuriatis».
2286 1978 2586 2043 Caeterum
2609 2023 2628 2059 ,

619 2111 752 2154 sero
792 2090 924 2176 jam
965 2092 1258 2155 libertatis
1293 2103 1602 2179 tempore,
1643 2092 1895 2158 exilium
1939 2092 2091 2175 reis,
2130 2112 2256 2155 non
2298 2100 2629 2177 exspectato

618 2205 1010 2269 comitiorum
1033 2217 1251 2270 eventu
1269 2255 1286 2289 ,
1307 2206 1670 2293 permissum
1697 2202 1789 2295 (5
1818 2203 1965 2294 71.)

684 2340 744 2403 1)
768 2342 838 2389 Cs.
864 2343 968 2391 Cic.
991 2344 1052 2391 do
1073 2342 1290 2409 Eup-2,
1321 2341 1612 2408 51.Liv.3,
1637 2340 1879 2405 55.-2)
1903 2340 1980 2391 Cf.
2001 2339 2108 2391 Liv.
2129 2338 2190 2405 1,
2213 2340 2413 2407 msto,
2438 2340 2627 2407 3,ffic.

610 2449 672 2498 p.
696 2432 820 2483 Mil.
845 2431 926 2482 14.

714 2573 860 2634 158.
911 2566 1197 2655 Suffragii
1240 2570 1501 2632 comitiis
1528 2537 1884 2634 centuiiatis
1915 2569 2153 2634 ferendi
2202 2571 2301 2654 jus
2324 2570 2634 2637 habebant

614 2703 827 2746 omnes
849 2681 1077 2765 optimo
1094 2681 1238 2764 jure
1264 2681 1423 2744 cives
1446 2729 1463 2760 ,
1495 2691 1702 2765 utpote
1732 2702 1944 2744 omnes
1970 2728 1987 2762 ,
2015 2681 2080 2743 in
2108 2702 2480 2768 quacunque
2513 2686 2635 2750 Ita-

614 2796 716 2859 liae
736 2805 906 2880 parte
933 2792 1291 2876 habitanteS,
1321 2794 1387 2856 in
1404 2794 1619 2877 tribus,
1644 2795 1861 2858 classes
1887 2794 2316 2881 centuriasque
2336 2796 2511 2860 relati
2535 2793 2636 2883 ι1).

564 2891 570 2896 ⁶
618 2907 890 2990 Quidam
907 2919 1132 2991 tamen,
1151 2907 1433 2994 patricios
1447 2908 1622 2972 initio
1647 2909 1941 2974 centuriis
1969 2910 2236 2973 exclusos
2263 2909 2480 2992 fuisse,
2504 2932 2632 2973 sus-

615 3023 901 3109 picantur
917 3071 934 3106 ,
964 3021 1214 3110 quidam
1237 3071 1256 3107 ,
1279 3033 1351 3089 ut
1376 3007 1694 3107 Niebuhr,
1724 3034 1786 3090 et
1813 3021 1986 3090 hunc
2014 3034 2256 3088 secutus
2276 3022 2533 3090 Schulze
2554 3020 2632 3111 2)

620 3138 977 3224 simpliciter
1028 3140 1380 3205 excludunt.
1439 3140 1702 3206 Comitia
1743 3142 2083 3207 centuriata
2117 3139 2426 3207 habebant
2482 3162 2631 3206 ma—
2666 3129 2674 3137 ⁶

621 3252 902 3338 gistratus
947 3253 1247 3338 majores,
1303 3253 1407 3319 sed
1448 3277 1575 3320 non
1625 3276 1839 3322 omnes
1880 3257 2168 3323 omnibus
2221 3257 2408 3322 rebus
2446 3279 2636 3344 agen·

618 3367 733 3432 dis.
768 3366 1377 3454 Ordinariiproesides
1405 3369 1698 3435 Consules
1718 3418 1736 3453 ,
1785 3370 1955 3457 iique
1999 3383 2156 3437 sorte
2193 3372 2290 3437 vel
2311 3391 2631 3454 compara-

620 3482 787 3546 tione
813 3481 904 3571 3).
956 3483 1267 3569 Impeditis
1292 3483 1452 3549 bello
1490 3484 1891 3570 Consulibus,
1923 3498 2134 3551 senatu
2146 3484 2406 3571 jubente
2430 3531 2448 3566 ,
2480 3484 2636 3547 alter

617 3596 990 3662 Dictatorem
1036 3598 1504 3684 magistratuum
1546 3600 1858 3684 majorum
1884 3601 2145 3666 comitiis
2167 3598 2409 3664 creabat
2434 3594 2521 3683 4).
2565 3597 2633 3661 Si

622 3711 778 3775 forte
806 3722 912 3776 aut
934 3713 1091 3777 nulli
1121 3724 1319 3794 essent
1338 3761 1357 3797 ,
1401 3724 1510 3779 aut
1527 3713 1904 3780 abdicassent
1931 3713 2031 3803 5),
2073 3734 2203 3798 mos
2230 3733 2338 3796 per
2358 3710 2634 3775 Interre-

626 3842 768 3906 gem
792 3823 885 3910 6),
904 3824 1066 3890 binis
1080 3827 1172 3891 vel
1192 3828 1381 3892 altero
1404 3828 1665 3894 Consule
1682 3828 1943 3893 comitiis
1966 3828 2144 3908 lecto,
2165 3825 2438 3911 auspicia
2456 3844 2634 3888 reno-

625 3935 755 3998 vari
772 3936 865 4022 7).
896 3938 1185 4003 Praetores
1211 3960 1330 4004 nec
1356 3940 1778 4009 consularibus
1811 3938 2074 4003 comitiis
2103 3941 2170 4026 8)
2201 3959 2317 4002 uec
2339 3935 2636 4022 praetoriis

628 4071 883 4137 proecsse
924 4063 1233 4138 poterant,
1262 4076 1342 4118 ne
1372 4076 1481 4141 par
1523 4076 1773 4144 parem,
1796 4049 1960 4141 quod
1994 4052 2133 4117 solis
2165 4051 2530 4118 Consulibus
2569 4062 2632 4117 et
