3111 4829
1581 419 1750 505 (2)

657 564 959 628 mrem.
981 558 1057 607 er.
1074 558 1205 607 idem
1242 556 1336 620 11,
1371 555 1432 619 1,
1465 558 1515 603 et
1540 540 1640 617 15,
1676 552 1770 616 12,
1802 550 1920 600 Tne.
1949 552 2090 603 Hm.
2112 555 2176 621 2,
2198 556 2260 622 4,
2283 557 2572 611 struma.
2594 563 2671 613 N.

662 652 806 719 praes.
835 679 893 689 -
920 649 983 715 ὅ)
1019 648 1238 697 Alteram
1269 649 1464 695 secutus
1486 681 1503 709 ‚
1537 642 1796 707 Dionysius
1827 641 1938 692 nal.
1970 642 2187 712 historias
2222 646 2553 703 Romanorum
2585 667 2672 702 ve-

658 755 758 804 teri
794 750 1016 801 ‘titulum
1070 751 1190 800 fecit
1250 731 1465 812 11μεῖκῆ
1507 729 1918 815 ἇρκαίολογῖκς
1958 744 2020 795 de
2038 748 2190 796 altera
2214 749 2284 798 ct'.
2323 749 2376 797 in
2399 750 2508 800 aliis
2542 751 2671 801 mat.

661 857 832 921 Hipp.
856 853 993 917 Maj.
1016 852 1097 902 ed.
1121 853 1228 918 Rip.
1252 853 1367 904 286.
1387 844 1572 909 πάσης
1593 846 1693 909 τίς
1728 834 2131 920 εἰρχαιολογιάις
2156 836 2325 907 εἴδεα
2359 844 2672 923 inpane.

660 958 795 1023 -4)
830 958 894 1007 Ut
914 942 1280 1024 ἑρχαιολογιάι
1294 958 1719 1022 antiquitatibus,
1752 958 1824 1006 sic
1856 942 2227 1026 ae'pxaeoao'yoo·
2249 962 2540 1022 antiquario
2570 977 2677 1010 res-

658 1046 845 1125 pondet
860 1082 877 1111 ‚
901 1060 1014 1108 qua
1033 1061 1126 1095 vox
1139 1047 1343 1111 antiqua
1365 1046 1678 1110 colligentem
1697 1052 1785 1096 aut
1805 1052 2097 1098 tractantem
2110 1085 2126 1113 ,
2142 1048 2342 1098 omnino
2362 1048 2677 1111 antiquarum

656 1153 827 1187 rerum
851 1142 1095 1185 amantem
1116 1141 1203 1184 ant
1231 1136 1481 1184 curiosum
1523 1140 1682 1183 sonat.
1706 1135 1784 1184 Ad
1811 1153 2086 1187 sermonem
2111 1139 2324 1187 trahitur
2353 1138 2487 1187 Suet.
2502 1174 2518 1201 ,
2534 1139 2673 1201 Any.

656 1225 754 1289 86,
786 1226 1035 1274 cacozelos
1055 1232 1105 1274 et
1120 1227 1441 1289 nunquan-ios
1457 1251 1518 1260 -—
1531 1227 1660 1288 pari
1681 1224 1894 1287 fastidio
1930 1229 2147 1293 sprevit,
2171 1232 2222 1276 et
2241 1227 2271 1275 J
2275 1236 2421 1276 uvetr.
2453 1226 2516 1292 6,
2543 1225 2639 1276 454
2655 1262 2673 1291 ,

655 1319 954 1380 iqnotosquo
972 1314 1104 1363 mihi
1126 1322 1258 1364 tenet
1278 1317 1578 1379 antiquaria
1597 1331 1791 1364 vorem.

744 1456 807 1519 2.
855 1454 977 1519 Nos
1012 1454 1203 1540 igitur
1223 1502 1243 1538 ,
1279 1454 1563 1519 vocabuli
1606 1476 1793 1519 usum
1834 1467 2196 1543 sequentes,
2234 1456 2674 1544 antiquitatum

644 1574 1072 1639 Romanarum
1097 1572 1349 1638 nomine
1376 1572 1732 1659 reipublicae
1756 1573 2018 1640 formam
2040 1622 2059 1658 ,
2096 1575 2496 1662 religionem,
2539 1597 2674 1641 rem

649 1686 980 1751 militarem
995 1733 1014 1769 ,
1038 1685 1294 1751 omuino
1315 1686 1595 1752 instituta
1616 1708 1940 1774 moresque
1958 1735 1977 1771 ,
2003 1687 2127 1753 sive
2153 1698 2339 1753 totam
2355 1738 2373 1773 ,
2401 1700 2475 1753 ut
2490 1686 2675 1754 hodie

651 1797 859 1864 dicere
893 1809 1104 1864 amant
1126 1846 1147 1883 ,
1183 1798 1538 1865 interiorem
1582 1811 1646 1865 et
1681 1800 1994 1887 publicam
2024 1813 2085 1866 et
2109 1802 2406 1888 privatam
2437 1802 2677 1868 Roma-

648 1933 878 1977 norum
923 1912 1113 1979 vitam
1153 1913 1647 2001 complectimur.
1683 1914 1825 1997 Quo
1868 1915 1937 1981 in
1979 1927 2346 2002 argumento
2388 1914 2455 1980 id
2496 1915 2675 1981 nobis

650 2026 1067 2115 praestandum
1084 2077 1103 2113 ,
1124 2040 1196 2095 ut
1234 2028 1374 2115 ejus
1391 2077 1411 2113 ‚
1449 2050 1641 2117 quem
1660 2027 1927 2095 diximus
1947 2077 1966 2113 ,
2001 2040 2187 2095 status
2207 2027 2678 2115 descriptionem

649 2140 1069 2228 exhibeamus,
1093 2165 1237 2232 quae
1253 2155 1419 2210 recto
1440 2144 1707 2213 fontium
1725 2143 2121 2231 probatorum
2142 2166 2282 2227 usu,
2303 2154 2680 2229 temporum-

648 2280 776 2345 que
802 2270 864 2323 et
886 2258 1165 2325 locorum
1184 2256 1543 2325 discrimine
1562 2307 1583 2343 ‚
1617 2281 1737 2326 nec
1774 2260 1986 2325 minus
2004 2307 2023 2343 ,
2051 2269 2358 2346 quantum
2389 2280 2488 2324 res
2526 2279 2682 2324 con-

648 2370 863 2455 cedat,
890 2382 1031 2457 apto
1053 2371 1321 2457 partium
1346 2370 1511 2438 inter
1537 2393 1601 2438 se
1621 2392 1785 2441 nexu
1805 2371 2297 2442 commendetur.

739 2484 1046 2549 Caeterum
1074 2485 1141 2548 in
1168 2484 1353 2550 rebus
1370 2484 1713 2552 tractandis
1730 2533 1748 2570 ,
1770 2509 1882 2573 pro
1917 2487 2280 2574 scriptorum
2318 2499 2426 2553 aut
2442 2477 2682 2573 judicio

648 2607 761 2662 aut
795 2596 1101 2683 proposito
1124 2644 1145 2680 ‚
1186 2596 1320 2661 aliis
1356 2597 1476 2661 alia
1523 2596 1741 2661 divisio
1787 2598 2067 2684 ratioque
2102 2599 2433 2684 probatur3
2474 2622 2683 2686 neque

649 2733 797 2777 vero
812 2710 1059 2776 ‘iisdem
1092 2731 1307 2776 omnes
1346 2709 1649 2775 limitibus
1692 2708 2130 2795 antiquitatum
2170 2709 2688 2776 circumscribunt

649 2846 942 2911 campum
963 2873 982 2909 ,
1013 2824 1136 2889 sive
1159 2823 1481 2910 primarias
1502 2833 1703 2910 partes
1721 2870 1742 2907 ,
1764 2822 1887 2888 sive
1910 2844 2119 2887 rerum
2145 2822 2213 2888 iu
2235 2822 2490 2910 singulis
2517 2834 2682 2890 trac-

651 2938 984 3009 tandarum
1010 2939 1250 3025 copiam
1281 2938 1585 3025 respicias.

746 3060 813 3123 3.
862 3056 940 3120 Iu
963 3052 1435 3140 antiquitatibus
1464 3053 1561 3117 vel
1598 3050 1886 3116 historica
1920 3051 2308 3138 simpliciter,
2334 3052 2431 3116 vel
2454 3052 2557 3117 illa
2586 3053 2685 3117 si-

647 3171 791 3236 mul
816 3170 1044 3236 utilitas
1066 3168 1447 3255 proponitur,
1469 3190 1611 3255 quae
1638 3188 1711 3232 ex
1737 3188 1953 3232 earum
1981 3167 2336 3254 cognitione
2358 3167 2683 3255 ad-litera-

653 3306 801 3349 rum
842 3284 1195 3369 artiumque
1235 3292 1296 3345 et
1334 3280 1800 3368 disciplinarum
1834 3281 2107 3346 studium
2149 3280 2469 3347 redundat.
2516 3281 2682 3346 Hinc

655 3408 827 3486 patet
869 3396 1163 3482 insigni3‚
1204 3416 1392 3482 quam
1432 3396 1499 3458 in
1537 3395 1893 3481 praefatione
1930 3394 2120 3479 hujus
2160 3395 2304 3458 libri
2338 3391 2684 3457 adumbra—

654 3515 891 3595 vimuS,
925 3513 1353 3577 Romanarum
1374 3510 1813 3596 antiquitatum
1836 3558 1854 3593 ,
1898 3519 2032 3574 tum
2076 3508 2394 3588 universe,
2433 3515 2566 3568 tum
2604 3505 2687 3571 ad

582 3679 586 3683 .
654 3626 1146 3713 interpretandos
1206 3625 1479 3690 classicos
1522 3625 1839 3711 scriptores
1889 3623 2238 3707 artiumque
2278 3630 2684 3686 monumenta

659 3740 927 3822 utilitas,
971 3751 1106 3805 tum
1161 3761 1303 3805 vcro
1346 3740 1451 3806 illa
1481 3787 1498 3823 ,
1538 3761 1678 3826 quae
1734 3737 1977 3825 propria
2036 3745 2125 3798 cst
2178 3732 2682 3820 jurisprudentiae

653 3852 956 3918 Romanae
997 3853 1298 3918 studiosis.

751 3968 816 4033 4.
862 3964 1290 4031 Romanorum
1344 3968 1779 4055 antiquitatum
1845 3965 2041 4028 fontes
2082 3972 2409 4027 censentur
2433 4011 2450 4046 ,
2502 3985 2681 4051 quae-

655 4098 906 4167 cunque
955 4097 1170 4142 eorum
1218 4079 1495 4146 instituta
1535 4100 1855 4166 moresque
1903 4078 2208 4143 illustrant
2258 4085 2489 4142 vetusta
2537 4098 2678 4141 mo—
