3111 4829
1317 441 1341 524 (
1383 440 1503 502 289
1543 439 1570 523 >

424 570 803 656 judicaturos
842 566 952 658 6),
989 568 1403 636 considebant.
1447 571 1769 635 Accusatio
1813 569 2050 635 duabus
2098 569 2441 634 actionibus

430 685 835 770 peragebatur
858 731 876 767 ,
935 684 1135 769 priore
1178 683 1392 748 adlatis
1439 684 1821 770 argumentis
1840 732 1858 768 ,
1902 682 2170 748 secunda
2213 682 2451 746 confir-—

432 797 628 859 matis.
671 796 809 881 Ipsa
858 808 1224 882 argumenta
1272 796 1527 882 triplicis
1576 796 1858 883 generis:
1907 796 2143 883 questio
2170 843 2188 879 ,
2233 806 2410 860 testes
2433 843 2452 878 ‚

430 908 656 972 tabulae
673 956 691 992 ,
728 908 851 973 sive
898 908 1119 995 scripta
1161 908 1239 973 ad
1269 930 1401 973 rem
1446 906 1829 995 arguendam
1858 919 1967 973 aut
2007 907 2452 973 illustrandam.

500 1093 559 1159 1)
585 1092 660 1142 Cf.
679 1092 785 1141 Cic.
803 1110 865 1156 p.
887 1091 1040 1142 Rosc-
1065 1093 1186 1142 Am.
1205 1091 1364 1141 20.-
1381 1090 1450 1156 2)
1470 1091 1534 1140 V.
1555 1092 1707 1141 Bach.
1726 1093 1765 1141 l.
1784 1090 1837 1140 2.
1856 1108 1906 1141 c.
1924 1093 1975 1142 2.
1995 1108 2037 1141 s.
2059 1092 2109 1143 1.
2127 1090 2174 1161 §.
2191 1093 2286 1142 ult.
2304 1091 2454 1141 Hein-

430 1182 494 1246 ⁴,
525 1182 616 1246 16,
650 1181 703 1231 5.
724 1209 786 1220 —
805 1181 858 1243 5)
879 1179 1008 1230 nino
1041 1177 1146 1230 cio.
1181 1180 1235 1230 in
1261 1180 1328 1245 Q.
1366 1179 1630 1232 caeciuum
1658 1181 1815 1230 oratio
1838 1179 2076 1231 divinatio
2103 1179 2364 1246 adpellata.
2382 1180 2461 1230 Cf.

435 1267 539 1319 Cic.
573 1271 645 1319 ad
677 1269 744 1334 Q.
774 1269 951 1320 Froer.
972 1267 1004 1317 δ
1018 1306 1033 1332 ,
1069 1268 1103 1316 2
1120 1306 1136 1332 ‚
1156 1297 1217 1306 —
1236 1270 1384 1333 apud
1416 1268 1656 1318 Οαίοπσηι
1691 1276 1804 1318 erae
1820 1270 2071 1320 divinatio
2092 1272 2153 1319 ι’»
2172 1269 2459 1321 Gabinium

428 1359 636 1423 falsam.
659 1357 731 1408 De
749 1373 898 1408 causa
919 1356 1133 1416 antuini·
1152 1358 1289 1408 varie
1317 1358 1503 1408 Gellius
1520 1357 1574 1422 2,
1596 1356 1649 1407 4.
1670 1382 1737 1398 -·
1752 1356 1816 1417 4)
1839 1357 1917 1406 Cf.
1947 1356 2053 1408 Cio.
2076 1359 2264 1409 moin.
2293 1357 2376 1410 15.
2395 1384 2462 1400 -·

434 1447 488 1514 Β)
507 1446 655 1500 Ποία.
677 1446 742 1511 4,
765 1447 829 1498 16
845 1481 864 1513 ,
887 1450 940 1495 et
958 1444 1022 1510 4,
1043 1445 1135 1512 18,
1161 1446 1320 1499 19.-·
1343 1445 1397 1509 6)
1417 1446 1495 1496 Cf.
1515 1444 1622 1495 Cio.
1650 1443 1802 1496 Verr-
1822 1444 1976 1520 1215.

439 1630 445 1636 ·
526 1611 678 1676 277.
726 1609 928 1675 Testes
953 1631 1158 1696 neque
1180 1610 1336 1674 servi
1362 1608 1610 1675 admissi
1628 1659 1646 1695 ,
1674 1629 1881 1698 neque
1902 1606 2142 1695 judicio
2166 1611 2464 1696 infames3

436 1724 682 1811 quales,
712 1724 882 1788 velut
910 1722 991 1787 ob
1033 1744 1284 1788 carmen
1326 1722 1633 1788 famosum
1662 1722 1937 1790 damnati
1954 1769 1977 1809 ,
2019 1734 2081 1789 et
2124 1723 2469 1789 testamenti

441 1846 502 1900 et
533 1834 862 1900 testimonii
889 1832 1098 1901 habita
1136 1836 1413 1921 ratione,
1450 1836 1825 1903 intestabiles
1862 1837 2011 1903 dicti
2061 1835 2149 1926 1).
2182 1839 2469 1905 Mulieres
2574 1818 2579 1824 .

441 1953 781 2039 antiquitus
807 1951 1083 2017 admissae
1104 2000 1122 2036 ,
1161 1963 1295 2037 post
1334 1953 1593 2018 exclusas
1620 1949 1710 2040 2).
1746 1953 1882 2018 Reo
1922 1964 2209 2022 testantes
2244 1955 2466 2039 liberi,

440 2067 777 2131 accusatori
809 2067 995 2130 etiam
1022 2066 1216 2130 coacti
1246 2063 1338 2152 3).
1372 2068 1677 2131 Caeterum
1701 2067 1893 2151 jurati
1920 2069 2340 2132 testimonium
2372 2069 2474 2133 di-

445 2179 699 2262 cebant,
724 2189 785 2242 et
815 2178 1161 2264 praescripta
1193 2177 1459 2264 quadam
1491 2178 1757 2244 formula
1780 2199 1927 2243 cmn
1952 2178 2309 2267 interrogati
2339 2192 2479 2246 tum

446 2291 881 2378 respondentes
928 2288 1016 2378 4).
1053 2289 1274 2356 Contra
1306 2290 1611 2375 proximos
1631 2313 1711 2355 ne
1734 2291 1898 2356 testis
1940 2304 2262 2379 cogeretur
2284 2340 2302 2376 ,
2330 2293 2470 2380 lege

444 2417 733 2488 cautum,
777 2426 933 2470 neve
972 2403 1044 2468 in
1083 2425 1415 2470 sua·causa
1457 2401 1551 2491 5).
1594 2404 1801 2471 Falsus
1845 2406 1983 2492 lege
2012 2406 2137 2470 XII
2161 2404 2352 2471 Tabb.
2397 2406 2479 2472 de

445 2541 583 2584 saxo
632 2516 890 2603 Tarpejo
918 2516 1398 2603 praecipitandus
1443 2516 1555 2604 6),
1604 2536 1745 2604 quae
1786 2537 1967 2604 poena
2013 2529 2147 2606 post
2179 2540 2479 2585 commu-

449 2642 572 2698 tata
602 2629 694 2721 7).
1864 2706 1869 2709 ,

538 2745 809 2828 Quaestio
834 2793 853 2828 ,
899 2755 1094 2810 stante
1142 2742 1459 2829 republica
1481 2792 1500 2826 ‚
1550 2742 1799 2808 nonnisi
1848 2741 1926 2809 de
1974 2764 2143 2810 servo
2168 2793 2189 2831 ,
2220 2768 2442 2834 ‚neque

448 2860 660 2945 paucis
695 2857 971 2938 casibus,
1014 2867 1088 2920 ut
1112 2857 1332 2921 incesti
1361 2857 1661 2938 crimine,
1707 2857 2002 2941 exceptis,
2033 2858 2103 2920 in
2132 2869 2321 2942 caput
2355 2864 2485 2922 ‹Io-

453 2969 611 3035 mini
636 3017 652 3053 ‚
677 2990 865 3055 quam
891 2967 1096 3053 legem
1126 2969 1205 3032 ab
1233 2968 1512 3053 Augusto
1538 2963 1607 3055 8)
1630 3015 1647 3049 ‚
1665 2966 1947 3051 jubente,
1973 2977 2045 3030 ut
2070 2989 2186 3031 ven
2209 2980 2487 3033 ier-entur

457 3072 786 3170 quaestioni
810 3085 876 3148 in
905 3082 1229 3159 dominum
1265 3078 1679 3164 subjiciendi,
1709 3079 1940 3143 elusam
1971 3078 2232 3143 restituit
2259 3078 2485 3146 Adria-

458 3219 578 3262 nus
624 3193 715 3284 9).
750 3198 879 3262 Nec
909 3196 988 3262 de
1014 3195 1229 3262 alienis
1256 3239 1275 3275 ‚
1304 3193 1424 3256 nisi
1454 3191 1706 3257 domino
1746 3191 2163 3256 consentiente
2181 3239 2199 3275 ‚
2231 3182 2485 3278 quaestio

454 3308 671 3376 haberi
699 3319 932 3394 poterat
963 3307 1095 3397 10).
1126 3310 1268 3371 Huc
1282 3304 1658 3370 trahendum
1678 3303 2046 3390 postulare,
2077 3302 2270 3380 dare,
2305 3308 2484 3393 serre

457 3445 674 3489 servos·
721 3426 797 3487 in
848 3424 1269 3512 quoestionem
1287 3463 1314 3495 ,
1347 3428 1462 3482 etc.
1513 3417 1684 3480 Inter
1723 3416 2129 3479 instrumenta
2166 3417 2487 3501 quaestioni

457 3535 729 3601 adhibita
759 3534 1062 3614 fidiculoe,
1100 3531 1396 3596 tabularia
1415 3577 1434 3612 ,
1463 3529 1765 3615 equuleus
1801 3531 1831 3591 1
1850 3523 1952 3614 1),
1982 3525 2229 3592 laminae
2256 3525 2484 3594 arden-

460 3658 588 3732 tes,
624 3649 931 3737 podagra,
963 3658 1080 3714 etc.
1122 3642 1253 3732 12).
2250 3710 2257 3713 ,

553 3761 1023 3827 Accusationem
1054 3756 1390 3843 excipiebat
1419 3754 1694 3820 defensio
1724 3753 1814 3818 rei
1845 3769 1955 3839 per
1984 3762 2301 3837 patronos,
2331 3775 2489 3842 saepe

465 3874 674 3960 plures
715 3872 845 3939 dies
871 3873 1246 3939 continuata.
1280 3871 1393 3953 ni,
1422 3889 1551 3956 quo
1595 3866 1766 3953 pejor
1799 3888 1980 3933 causa
2006 3914 2024 3950 ‚
2052 3887 2125 3933 eo
2155 3866 2490 3953 impensius

466 3999 815 4075 perorantes
834 3988 1079 4072 judices
1106 3984 1185 4053 ad
1207 3982 1689 4049 misericordiam
1717 3980 1962 4046 flectere
1988 3977 2350 4066 studebant,
2372 3983 2489 4049 ad·-

449 4100 678 4166 -hibitis
706 4100 1076 4190 quandoque
1103 4110 1166 4165 et
1194 4095 1610 4166 laudatoribus
1646 4090 1788 4180 13);
1817 4115 1934 4159 nec
1969 4091 2177 4239 min3u7s
2214 4115 2314 4159 eos
2357 4097 2487 4181 ipse
