3111 4829
1502 405 1528 489 (
1568 401 1689 467 294
1729 405 1755 486 )

619 540 879 605 veniunt
906 539 1098 614 Varro
1132 550 1194 603 et
1217 535 1581 603 Plutarchus
1603 585 1621 621 ,
1667 537 1972 623 imprimis
2004 536 2267 602 Ovidius
2308 535 2394 625 1).
2426 538 2648 603 Paucis

618 664 694 717 ut
740 662 962 717 cuncta
1019 653 1505 739 amplectamur:
1582 672 1713 716 rem
1770 672 1980 716 severo
2029 648 2270 736 judicio
2319 650 2664 718 estimanti„

619 764 935 852 probabile
998 765 1070 828 fit
1089 814 1108 849 ,
1158 766 1646 854 antiquissimam
1696 765 2126 830 Romanorum
2173 764 2536 850 religionem
2556 814 2574 847 ‚
2610 788 2650 830 ι

620 879 838 944 Graeca
858 878 1252 945 vchementer
1269 878 1707 945 abhorrentem
1725 927 1743 962 ‚
1766 879 1948 945 saeris
1968 899 2220 965 quoque
2242 877 2459 964 ritibus
2481 878 2653 942 mul-

622 1003 721 1078 to,
776 1015 964 1080 quam
1012 993 1310 1078 posterius
1338 993 1641 1078 reperitur
1662 1039 1687 1069 ,
1745 992 2181 1078 simpliciorem
2222 990 2442 1074 fuisse3
2488 1012 2653 1076 quo-

620 1105 835 1169 minus
858 1106 1198 1189 miremur,
1238 1104 1581 1194 quosdam,
1622 1127 1705 1172 an
1750 1105 1979 1191 templa
2009 1104 2129 1167 illis
2156 1113 2220 1167 et
2264 1102 2525 1168 deorum
2561 1103 2651 1165 si-

623 1220 898 1284 mulacra
944 1219 1177 1286 fuerint
1197 1269 1217 1304 ‚
1266 1219 1575 1286 dubitasse
1605 1218 1717 1309 2);
1755 1221 1881 1286 sive
1917 1242 2056 1286 eam
2090 1218 2460 1305 religionem
2499 1238 2649 1281 cum

629 1330 982 1398 Beaufortio
1005 1329 1088 1421 3)
1130 1333 1406 1418 Celtieae,
1435 1335 1561 1399 sive
1587 1333 2022 1422 cujuscunque
2044 1333 2301 1420 originis
2321 1331 2640 1398 faciamus.

622 1445 831 1510 Talem
861 1468 1059 1534 quum
1086 1448 1409 1535 reperisset
1437 1448 1754 1536 religionis
1798 1448 2100 1514 Romanas
2139 1448 2327 1534 vulgo
2366 1443 2646 1513 conditor

619 1557 959 1645 adpellatus
984 1562 1190 1628 Numa
1209 1611 1229 1647 ‚
1262 1563 1671 1629 ferocioribus
1711 1563 1945 1629 civium
1988 1561 2267 1627 moribus
2293 1556 2657 1648 mitigandis

619 1692 761 1735 eam
800 1675 1003 1758 potius
1043 1676 1582 1753 accommodasse,
1618 1698 1811 1763 quam
1848 1677 2124 1740 multum
2167 1677 2531 1740 immutasse
2555 1673 2656 1737 vi·-

621 1784 806 1851 detur
827 1784 917 1874 4).
948 1789 1253 1853 Posterius
1277 1813 1316 1856 a
1345 1790 1682 1877 Tarquinio
1716 1790 1923 1855 Prisco
1968 1787 2060 1880 (2⁷)
2090 1787 2444 1854 introducta
2473 1787 2656 1852 Gra-

621 1920 840 1963 corum
867 1900 1125 1967 deorum
1156 1903 1337 1968 turba
1361 1950 1380 1988 ,
1420 1915 1483 1969 et
1522 1903 1815 1990 indigena
1845 1904 2142 1968 Italorum
2171 1903 2431 1968 numina
2459 1921 2654 1987 pere-

623 2015 819 2101 grinis
844 2017 1140 2103 paulatim
1168 2019 1517 2084 assimulata
1547 2029 1658 2085 aut
1683 2040 1831 2083 cum
1861 2017 1938 2082 iis
1972 2018 2228 2082 confusa
2250 2026 2431 2099 sunt;
2460 2013 2648 2078 simnl

621 2150 796 2194 novoe
816 2125 1268 2218 superstitiones
1288 2134 1566 2221 ritusque
1581 2132 1660 2198 ab
1669 2133 1940 2198 Etruscis
1957 2133 2231 2197 maxime
2243 2137 2646 2197 accesserunt.

620 2244 727 2308 Sic
775 2243 1056 2312 Romana
1115 2248 1473 2313 Graecorum
1532 2246 1820 2332 religioni
1878 2245 2079 2310 indies
2128 2245 2386 2309 similior
2429 2242 2651 2323 evasit,

621 2359 1017 2424 manentibus
1056 2371 1264 2425 tamen
1301 2358 1695 2426 diversissimi
1729 2360 1879 2425 olim
1926 2369 2114 2425 status
2140 2359 2322 2424 certis
2363 2356 2609 2423 indiciis
2630 2403 2650 2439 ,

623 2480 761 2534 tum
781 2474 851 2535 in
869 2472 1233 2558 scriptorum
1258 2474 1622 2540 testimoniis
1639 2474 1899 2562 aliisque
1929 2473 2350 2539 monumentis
2372 2521 2391 2557 ,
2415 2484 2551 2537 tum
2582 2470 2653 2534 in

620 2587 1168 2653 vetustissimorum
1214 2586 1473 2654 deorum
1516 2590 1685 2677 apud
1725 2591 2038 2657 Romanos
2070 2591 2244 2655 cultu
2268 2636 2287 2672 ,
2314 2589 2383 2653 in
2427 2586 2658 2675 quibus

625 2698 890 2783 Consus,
935 2700 1160 2785 Janus,
1197 2703 1315 2768 alia
1351 2703 1626 2769 nomina.

687 2848 741 2917 1)
766 2851 842 2901 Cf.
862 2851 1033 2904 senus.
1051 2854 1152 2904 vol.
1170 2852 1221 2905 1.
1237 2870 1290 2920 p.
1316 2853 1365 2904 1.
1385 2883 1448 2894 -
1468 2856 1522 2921 2)
1543 2856 1753 2920 August.
1774 2856 1835 2903 ds
1857 2853 1966 2904 Cio.
1990 2851 2162 2915 Βείἇ,
2181 2851 2241 2901 81
2256 2886 2274 2916 ,
2299 2851 2427 2900 dicte
2448 2840 2617 2919 Varro
2632 2883 2651 2911 ,

621 2943 863 3006 antiquos
895 2942 1158 2994 Romanos
1178 2945 1304 3009 plus
1334 2962 1493 3010 quam
1520 2961 1688 2996 annos
1709 2951 1913 2994 contum
1938 2950 1985 2992 se
2010 2943 2340 3007 septuoqs'nee
2366 2940 2508 2990 Deos
2539 2939 2654 2987 οὐκ

620 3032 898 3084 &matam
922 3035 1153 3085 coluisse.
1178 3062 1244 3073 -
1262 3035 1318 3101 ὅ)
1342 3050 1456 3100 pag.
1472 3035 1506 3086 15
1524 3040 1578 3086 et
1598 3036 1681 3087 15.
1698 3063 1763 3075 —
1786 3034 1840 3101 4)
1858 3034 2000 3085 Idem
2021 3050 2075 3100 p.
2090 3032 2123 3083 7
2136 3038 2188 3082 et
2204 3031 2256 3082 8.

713 3174 866 3241 281.
913 3175 1035 3241 Sed
1076 3175 1269 3262 hujus
1311 3176 1759 3242 immutationis
1798 3185 1871 3241 ut
1891 3172 2258 3240 difficillima
2286 3169 2605 3259 explicatio
2633 3218 2654 3254 ,

624 3289 713 3353 sic
739 3290 898 3355 illud
925 3291 1325 3356 manifestum
1355 3301 1446 3354 est
1467 3338 1488 3373 ,
1520 3312 1741 3355 novam
1761 3290 2130 3375 religionem
2157 3309 2304 3353 cum
2334 3284 2652 3371 republica

622 3414 791 3469 arcte
840 3406 1241 3507 conjunctam
1273 3453 1291 3489 ,
1325 3415 1513 3491 atque
1554 3404 1811 3467 omnino
1849 3402 1930 3466 ad
1960 3402 2316 3489 politicum,
2338 3420 2527 3485 quem
2556 3418 2663 3461 vo-

625 3540 767 3585 care
794 3520 1222 3585 consucvimus
1244 3568 1263 3604 ‚
1293 3520 1487 3585 finem
1508 3516 1855 3583 ordinatam
1886 3517 2111 3602 fuisse3
2139 3515 2273 3599 cui,
2298 3508 2656 3576 mirandum

625 3634 910 3721 inprimis
940 3632 1182 3698 videtur
1203 3682 1222 3718 ,
1250 3632 1819 3720 superstitionibus,
1850 3643 1922 3697 ut
1961 3631 2061 3696 vix
2097 3631 2222 3695 ulla
2270 3622 2465 3711 magis
2484 3673 2503 3709 ,
2529 3623 2659 3690 ab-

630 3747 1173 3834 surdam,mirifice
1195 3770 1305 3835 per
1325 3749 1522 3812 multa
1544 3747 1765 3813 saecula
1786 3745 2127 3810 inserviisse
2146 3738 2231 3832 1).
2248 3740 2464 3828 Neque
2488 3738 2659 3804 enim

630 3858 761 3924 ulla
810 3884 906 3926 res
945 3861 1143 3949 magis
1188 3860 1266 3926 ad
1313 3860 1651 3948 potentiam
1709 3862 2136 3927 Romanorum
2174 3852 2365 3919 valuit
2412 3851 2662 3940 publiea

635 3996 853 4040 eorum
902 3976 1239 4064 religione:
1281 3999 1472 4065 quam
1502 3997 1652 4041 cum
1693 3974 1931 4040 virtutis
1966 3971 2245 4038 altricem
2281 3976 2345 4034 et
2379 3965 2663 4033 firmissi-

634 4110 814 4155 mum
844 4090 1056 4177 patriae
1085 4090 1275 4159 robur
1310 4113 1439 4157 esse
1472 4090 1729 4185 vellent,
1760 4086 2074 4175 posteriori
2118 4086 2304 4152 etiam
2343 4094 2619 4171 tempore
2643 4127 2662 4163 ,
