3111 4829
1315 398 1340 482 (
1384 399 1459 459 15
1499 399 1524 480 )

498 536 601 600 15.
649 531 912 597 Inferior
942 529 1134 596 Italiae
1166 552 1325 617 pars,
1345 554 1382 597 a
1415 533 1611 596 Silaro
1645 543 1708 597 et
1731 531 2038 616 ‘Frentone
2071 532 2151 598 ad
2189 533 2414 600 fretum

402 647 684 713 Siculum
709 697 727 734 ,
768 647 1019 712 coloniis
1053 646 1282 711 Graecis
1313 647 1443 711 fere
1479 657 1604 711 tota
1632 658 1926 732 occupata
1949 697 1967 730 ‚
1996 646 2145 713 hinc
2179 648 2418 735 Magnae

402 762 660 827 Graeciae
711 783 938 826 nomen
985 761 1184 827 traxit.
1232 761 1321 824 *In
1376 783 1447 825 ea
1511 761 1687 824 fluvii
1752 761 1983 826 Silarus
2010 810 2027 845 ,
2089 760 2375 826 Acheron
2400 808 2419 844 ,

401 873 708 959 Aufidus,
749 875 1160 963 promontoria
1208 875 1530 962 Scyllaeum
1551 924 1570 958 ,
1624 876 1998 962 Leucopetra
2024 924 2042 959 ,
2101 876 2381 942 Herculis
2403 924 2421 959 ,

401 991 786 1056 Salentinum
813 1039 832 1074 ,
874 990 1038 1074 alia3
1082 990 1363 1076 regiones
1416 987 1497 1054 ad
1539 987 1859 1054 Orientem
1907 988 2134 1074 Apulia
2180 1000 2241 1054 et
2286 988 2419 1055 Ca-
2543 994 2548 998 ’

400 1106 591 1171 labria
614 1153 633 1190 ,
672 1104 750 1171 ad
782 1104 1184 1171 Occidentem
1209 1084 1482 1170 Lucania
1508 1115 1572 1183 et
1592 1104 1838 1169 Bruttii.
1865 1104 2089 1191 Apulia
2110 1152 2128 1187 ‚
2150 1127 2188 1169 a
2211 1106 2416 1169 Fren-

401 1228 546 1282 tone
589 1218 667 1284 ad
697 1219 903 1284 sinum
942 1219 1345 1285 Tarentinum
1387 1218 1741 1305 pertinens,
1790 1218 2014 1284 Aufido
2059 1218 2318 1284 flumine
2350 1220 2421 1283 in
2491 1261 2496 1269 -

402 1334 709 1401 Dauniam
741 1347 803 1400 et
827 1335 1178 1401 Peucetiam
1202 1333 1432 1420 divisa3
1466 1346 1758 1421 praeterea
1783 1333 2020 1400 flumen
2050 1333 2239 1399 habet
2267 1334 2423 1400 Cer-

399 1445 612 1513 balum
639 1497 658 1532 ,
698 1459 972 1514 montem
1017 1449 1423 1535 Garganum3
1465 1449 1535 1512 in
1563 1449 1806 1513 Daunia
1844 1448 1998 1534 Arpi
2041 1449 2236 1533 (urbs
2262 1450 2426 1519 Dio-
2474 1497 2481 1506 .

399 1562 688 1647 medis),
722 1563 976 1628 Luceria
997 1608 1022 1645 Ἀ
1063 1564 1387 1648 Sipontum
1420 1611 1437 1646 ,
1486 1564 1554 1627 in
1601 1562 1890 1628 Peucetia
1937 1563 2208 1630 Venusia
2234 1611 2251 1645 ,
2291 1563 2429 1633 Ba«,

398 1672 568 1737 rium
591 1722 609 1757 ‚
681 1672 929 1740 Cannae.
988 1676 1186 1761 Supra
1229 1676 1519 1762 Apuliam
1564 1677 1776 1740 insulae
1821 1674 2197 1739 Diomedeas.
2247 1675 2429 1742 Cala-‘-

397 1788 533 1852 bria
583 1789 883 1875 (Japygia
914 1837 933 1871 ,
976 1788 1321 1875 Messapia)
1359 1812 1543 1876 supra
1600 1790 1806 1851 sinum
1853 1786 2258 1854 Tarentinum
2286 1838 2304 1873 ‚
2349 1792 2430 1855 ab

400 1901 718 1966 nonnullis
755 1900 992 1988 Apuliae
1025 1900 1284 1985 adjecta.
1327 1900 1479 1984 Ejus
1508 1901 1723 1987 populi
1765 1899 2007 1966 Calabri
2048 1913 2138 1987 et,
2180 1902 2259 1967 ad
2285 1927 2431 1989 pro-

398 2015 779 2079 montorium
841 2016 1172 2101 Japygium
1196 2064 1214 2097 ‚
1287 2015 1628 2098 Salentini3
1693 2016 1887 2081 Urbes
1951 2017 2430 2093 Brundusium,

399 2127 624 2193 Rudiae
648 2176 665 2210 ,
713 2128 1045 2192 Tarentum
1074 2176 1092 2209 ‚
1142 2127 1471 2212 Callipolis.
1520 2127 1811 2190 Lucaniae
1852 2125 2227 2210 (Lucani),
2273 2129 2436 2193 inter

400 2242 671 2306 Silarum
726 2251 787 2304 et
840 2239 1114 2304 Laudem
1143 2287 1160 2320 ‚
1212 2239 1401 2302 urbes
1446 2238 1711 2301 Paestum
1768 2236 2214 2327 (Posidonia),
2262 2241 2441 2309 Velia

399 2348 625 2439 (Elia)
654 2402 672 2436 ‚
699 2351 961 2416 Atinum
979 2401 996 2436 ‚
1042 2353 1407 2417 Buxentum
1433 2398 1452 2433 ‚
1481 2348 1700 2413 Thurii
1735 2347 1760 2432 (
1786 2350 2114 2443 Sybaris),
2146 2353 2442 2423 Heraclea

393 2473 425 2545 (
468 2465 719 2554 Ciris),
755 2467 1221 2552 Metapontum3
1272 2466 1338 2529 in
1411 2464 1702 2547 Bruttiis,
1729 2487 1769 2530 a
1815 2465 2024 2530 Laude
2079 2466 2159 2532 ad
2208 2467 2443 2538 fretum

398 2580 691 2645 Siculum
712 2628 729 2663 ‚
774 2581 959 2645 urbes
998 2579 1340 2655 Pandosia,
1387 2577 1713 2644 Consentia
1736 2628 1755 2662 ‚
1795 2579 2015 2646 Terina
2036 2629 2054 2663 ,
2097 2581 2290 2667 Vibo,
2312 2586 2445 2654 Va-

417 2695 608 2759 lentia
629 2740 654 2770 ,
677 2693 999 2780 Rhegium
1015 2742 1032 2777 ,
1055 2694 1273 2776 Locri,
1316 2694 1686 2758 Mamertum
1713 2742 1732 2776 ‚
1769 2694 2120 2781 Scylaeium
2143 2745 2161 2779 ,
2193 2696 2440 2766 Croton.

498 2809 605 2875 16.
654 2810 960 2873 Extremas
1000 2808 1195 2872 ltaliae
1230 2805 1472 2893 adjacet
1500 2806 1713 2872 Sicilia
1740 2804 2010 2895 (Siculi,
2049 2808 2300 2896 Sicani;
2332 2814 2446 2877 Si-

408 2924 619 3008 cania,
641 2923 952 2988 Trinacria
974 2971 992 3006 ‚
1014 2919 1376 3010 Triquetra)
1407 2967 1425 3004 ,
1458 2921 1684 2985 multos
1715 2919 1877 2985 inter
1909 2925 2171 3008 populos
2209 2925 2447 2992 Graecae
2553 3003 2558 3014 .

414 3038 733 3124 plerosque
762 3037 1020 3123 originis
1047 3034 1266 3119 divisa,
1294 3036 1361 3099 in
1391 3058 1515 3123 qua
1541 3034 1717 3100 fluvii
1741 3034 2050 3119 Onobola,
2078 3038 2440 3124 Symethus‚

415 3152 665 3216 Himera
693 3199 711 3234 ,
749 3151 1018 3236 Acragas
1042 3198 1060 3232 ,
1087 3150 1289 3236 Hypsa
1304 3197 1321 3232 ,
1364 3150 1671 3233 Halaesus,
1695 3160 1938 3215 montes
1959 3152 2146 3215 AEtna
2167 3199 2184 3233 ,
2208 3153 2412 3220 Heraei
2428 3230 2447 3264 ⁹

418 3262 725 3329 Nebrodes
743 3313 760 3348 ,
793 3264 1000 3330 Gratas
1017 3312 1035 3346 ‚
1063 3264 1218 3349 Eryx
1234 3312 1252 3347 ‚
1276 3264 1690 3348 promontoria
1711 3263 1996 3330 Pelorum
2016 3312 2033 3347 ,
2058 3263 2414 3353 Pachynum
2431 3323 2448 3355 ‚

418 3377 758 3465 Lilybaeum
778 3426 796 3461 ‚
846 3376 1031 3441 urbes
1054 3425 1071 3459 ,
1123 3375 1189 3439 in
1246 3386 1413 3461 parte
1486 3377 1770 3442 orientali
1814 3379 2086 3444 Messana
2104 3427 2123 3462 ‚
2186 3379 2415 3446 Catana
2433 3430 2449 3463 ,

418 3492 733 3575 Leontini,
757 3493 1070 3578 Syracusae
1092 3538 1109 3571 ‚
1146 3491 1212 3553 in
1238 3490 1625 3555 meridionali
1650 3491 1971 3556 Camarina
1995 3540 2013 3572 ,
2042 3491 2195 3556 Gela
2214 3539 2232 3573 ,
2258 3494 2450 3579 Agri—

423 3616 680 3693 gentum
700 3653 717 3688 ,
738 3605 1016 3687 Selinus,
1043 3602 1382 3690 Lilybaeum
1407 3652 1426 3687 ‚
1456 3605 1521 3668 in
1570 3605 2028 3691 septentrionali
2056 3605 2448 3690 Drepanum,

421 3724 577 3810 Eryx
604 3772 622 3805 ‚
666 3722 911 3808 Segesta
937 3770 955 3805 ,
999 3721 1339 3786 Panormus
1386 3718 1773 3808 (Pales-mo)
1795 3768 1812 3803 ,
1860 3705 2137 3801 Himera,
2195 3720 2451 3791 interius

423 3838 661 3904 Entella
681 3885 699 3918 ,
739 3837 948 3918 Enna,
992 3836 1245 3901 Herbita
1269 3884 1286 3918 ‚
1314 3835 1512 3922 Hybla
1544 3834 1744 3916 major
1763 3882 1782 3916 ‚
1813 3834 2028 3899 Menae.
2073 3833 2294 3901 Siciliae
2320 3839 2447 3903 ad·-

418 3952 632 4038 jacent
659 3950 879 4015 insulae
908 3951 1121 4016 AEoliae
1139 3946 1536 4040 (Vulcaniae)
1554 3996 1573 4029 ‚
1603 3948 1851 4033 AEgates
1871 3996 1889 4031 ,
1921 3946 2098 4033 alioe3
2126 3952 2307 4036 paulo
2335 3976 2448 4017 re-

423 4066 648 4131 motior
685 4064 909 4129 Melita.
939 4063 1035 4129 Ad
1067 4064 1467 4136 Occidentem
1508 4063 1768 4129 Etruriae
1818 4061 2056 4128 Corsica
2080 4112 2098 4146 ,
2137 4064 2240 4128 cui
2273 4087 2449 4129 mons
