<?xml version="1.0" encoding="UTF-8"?>
<!DOCTYPE html PUBLIC "-//W3C//DTD XHTML 1.0 Transitional//EN"
    "http://www.w3.org/TR/xhtml1/DTD/xhtml1-transitional.dtd">
<html xmlns="http://www.w3.org/1999/xhtml" xml:lang="en" lang="en">
 <head>
  <title>
</title>
<meta http-equiv="Content-Type" content="text/html;charset=utf-8" />
  <meta name='ocr-system' content='tesseract 3.04.00' />
  <meta name='ocr-capabilities' content='ocr_page ocr_carea ocr_par ocr_line ocrx_word'/>
</head>
<body>
  <div class='ocr_page' id='page_1' title='image "./antiquitatesrom00dirkgoog_0226.png"; bbox 0 0 3111 4829; ppageno 0'>
   <div class='ocr_carea' id='block_1_1' title="bbox 1313 318 1574 404">
    <p class='ocr_par' dir='ltr' id='par_1_1' title="bbox 1313 318 1574 404">
     <span class='ocr_line' id='line_1_1' title="bbox 1313 318 1574 404; baseline -0.004 -23"><span class='ocrx_word' id='word_1_1' title='bbox 1313 318 1574 404; x_wconf 83' lang='lat'>(191)</span> 
     </span>
    </p>
   </div>
   <div class='ocr_carea' id='block_1_2' title="bbox 438 445 2464 720">
    <p class='ocr_par' dir='ltr' id='par_1_2' title="bbox 438 445 2464 720">
     <span class='ocr_line' id='line_1_2' title="bbox 440 445 2462 521; baseline -0.001 -16"><span class='ocrx_word' id='word_1_2' title='bbox 440 453 494 521; x_wconf 73' lang='lat'><strong>8)</strong></span> <span class='ocrx_word' id='word_1_3' title='bbox 516 453 583 505; x_wconf 56' lang='lat' dir='ltr'><strong>V)</strong></span> <span class='ocrx_word' id='word_1_4' title='bbox 603 453 713 504; x_wconf 73' lang='lat' dir='ltr'><strong>Liv.</strong></span> <span class='ocrx_word' id='word_1_5' title='bbox 735 453 769 503; x_wconf 82' lang='grc'><strong>2</strong></span> <span class='ocrx_word' id='word_1_6' title='bbox 788 461 806 518; x_wconf 65' lang='lat'>3</span> <span class='ocrx_word' id='word_1_7' title='bbox 828 451 1050 517; x_wconf 53' lang='lat' dir='ltr'><strong>ffisoqq.</strong></span> <span class='ocrx_word' id='word_1_8' title='bbox 1070 456 1125 502; x_wconf 75' lang='lat' dir='ltr'><strong>et</strong></span> <span class='ocrx_word' id='word_1_9' title='bbox 1145 451 1205 516; x_wconf 72' lang='lat'><strong>2,</strong></span> <span class='ocrx_word' id='word_1_10' title='bbox 1227 452 1294 502; x_wconf 71' lang='lat'><strong>52</strong></span> <span class='ocrx_word' id='word_1_11' title='bbox 1309 486 1326 515; x_wconf 84' lang='lat'>‚</span> <span class='ocrx_word' id='word_1_12' title='bbox 1350 450 1553 515; x_wconf 74' lang='lat' dir='ltr'><strong>Dionys.</strong></span> <span class='ocrx_word' id='word_1_13' title='bbox 1576 447 1669 498; x_wconf 80' lang='lat' dir='ltr'><strong>lib.</strong></span> <span class='ocrx_word' id='word_1_14' title='bbox 1696 445 1748 499; x_wconf 77' lang='grc'><strong>6.</strong></span> <span class='ocrx_word' id='word_1_15' title='bbox 1769 448 1903 507; x_wconf 62' lang='grc' dir='ltr'><strong>-ἆὶ</strong></span> <span class='ocrx_word' id='word_1_16' title='bbox 1921 448 2029 500; x_wconf 69' lang='lat' dir='ltr'><strong>nv.</strong></span> <span class='ocrx_word' id='word_1_17' title='bbox 2053 451 2114 515; x_wconf 77' lang='lat'><strong>5,</strong></span> <span class='ocrx_word' id='word_1_18' title='bbox 2137 450 2203 503; x_wconf 72' lang='lat'><strong>55</strong></span> <span class='ocrx_word' id='word_1_19' title='bbox 2219 489 2235 518; x_wconf 83' lang='lat'><strong>,</strong></span> <span class='ocrx_word' id='word_1_20' title='bbox 2259 452 2462 521; x_wconf 75' lang='lat' dir='ltr'><strong>Dionys.-</strong></span> 
     </span>
     <span class='ocr_line' id='line_1_3' title="bbox 438 539 2459 610; baseline 0 -15"><span class='ocrx_word' id='word_1_21' title='bbox 438 543 501 610; x_wconf 81' lang='lat'><strong>6,</strong></span> <span class='ocrx_word' id='word_1_22' title='bbox 525 543 612 606; x_wconf 58' lang='lat'><strong>89,</strong></span> <span class='ocrx_word' id='word_1_23' title='bbox 626 543 743 603; x_wconf 80' lang='lat'><strong>-5›</strong></span> <span class='ocrx_word' id='word_1_24' title='bbox 770 543 927 592; x_wconf 79' lang='lat' dir='ltr'><strong>Aliter</strong></span> <span class='ocrx_word' id='word_1_25' title='bbox 945 542 1246 607; x_wconf 71' lang='lat' dir='ltr'><strong>Pomponius</strong></span> <span class='ocrx_word' id='word_1_26' title='bbox 1268 540 1364 607; x_wconf 75' lang='lat' dir='ltr'><strong>(do</strong></span> <span class='ocrx_word' id='word_1_27' title='bbox 1381 541 1529 603; x_wconf 75' lang='lat' dir='ltr'><strong>Oriq.</strong></span> <span class='ocrx_word' id='word_1_28' title='bbox 1550 539 1672 590; x_wconf 77' lang='lat' dir='ltr'><strong>Jur.</strong></span> <span class='ocrx_word' id='word_1_29' title='bbox 1698 540 1802 602; x_wconf 90' lang='grc'><strong>20.)</strong></span> <span class='ocrx_word' id='word_1_30' title='bbox 1827 541 2068 590; x_wconf 75' lang='lat' dir='ltr'><strong>Caeterum</strong></span> <span class='ocrx_word' id='word_1_31' title='bbox 2085 543 2276 594; x_wconf 84' lang='lat' dir='ltr'><strong>tribuni</strong></span> <span class='ocrx_word' id='word_1_32' title='bbox 2293 548 2459 610; x_wconf 79' lang='lat' dir='ltr'><strong>vocis,</strong></span> 
     </span>
     <span class='ocr_line' id='line_1_4' title="bbox 438 635 2464 720; baseline 0 -26"><span class='ocrx_word' id='word_1_33' title='bbox 438 644 524 694; x_wconf 85' lang='lat' dir='ltr'><strong>cui</strong></span> <span class='ocrx_word' id='word_1_34' title='bbox 545 643 729 693; x_wconf 76' lang='lat' dir='ltr'><strong>Graeeis</strong></span> <span class='ocrx_word' id='word_1_35' title='bbox 749 640 1014 708; x_wconf 72' lang='lat' dir='ltr'><strong>respondet</strong></span> <span class='ocrx_word' id='word_1_36' title='bbox 1045 635 1360 720; x_wconf 57' lang='grc' dir='ltr'><strong>δήμαρχος,</strong></span> <span class='ocrx_word' id='word_1_37' title='bbox 1376 645 1427 689; x_wconf 81' lang='lat' dir='ltr'><strong>et</strong></span> <span class='ocrx_word' id='word_1_38' title='bbox 1448 639 1632 706; x_wconf 78' lang='lat' dir='ltr'><strong>varius,</strong></span> <span class='ocrx_word' id='word_1_39' title='bbox 1656 645 1720 689; x_wconf 67' lang='lat' dir='ltr'><strong>ut</strong></span> <span class='ocrx_word' id='word_1_40' title='bbox 1736 640 1957 707; x_wconf 61' lang='lat' dir='ltr'><strong>praefecti</strong></span> <span class='ocrx_word' id='word_1_41' title='bbox 1979 647 2029 690; x_wconf 85' lang='lat' dir='ltr'><strong>et</strong></span> <span class='ocrx_word' id='word_1_42' title='bbox 2047 643 2263 708; x_wconf 81' lang='lat' dir='ltr'><strong>magistri</strong></span> <span class='ocrx_word' id='word_1_43' title='bbox 2279 650 2356 709; x_wconf 82' lang='lat' dir='ltr'><strong>,et</strong></span> <span class='ocrx_word' id='word_1_44' title='bbox 2378 662 2464 694; x_wconf 79' lang='lat' dir='ltr'><strong>an-</strong></span> 
     </span>
    </p>
   </div>
   <div class='ocr_carea' id='block_1_3' title="bbox 435 744 2463 1080">
    <p class='ocr_par' dir='ltr' id='par_1_3' title="bbox 435 744 2463 1080">
     <span class='ocr_line' id='line_1_5' title="bbox 435 744 2463 810; baseline 0 -15"><span class='ocrx_word' id='word_1_45' title='bbox 435 746 739 810; x_wconf 75' lang='lat' dir='ltr'><strong>tiquissimus</strong></span> <span class='ocrx_word' id='word_1_46' title='bbox 758 783 773 809; x_wconf 88' lang='lat'><strong>,</strong></span> <span class='ocrx_word' id='word_1_47' title='bbox 795 746 849 793; x_wconf 87' lang='lat' dir='ltr'><strong>in</strong></span> <span class='ocrx_word' id='word_1_48' title='bbox 869 745 1093 793; x_wconf 79' lang='lat' dir='ltr'><strong>tribuum</strong></span> <span class='ocrx_word' id='word_1_49' title='bbox 1119 749 1170 792; x_wconf 82' lang='lat' dir='ltr'><strong>et</strong></span> <span class='ocrx_word' id='word_1_50' title='bbox 1194 745 1421 792; x_wconf 85' lang='lat' dir='ltr'><strong>Celerum</strong></span> <span class='ocrx_word' id='word_1_51' title='bbox 1444 744 1688 808; x_wconf 82' lang='lat' dir='ltr'><strong>tribunis,</strong></span> <span class='ocrx_word' id='word_1_52' title='bbox 1720 761 1854 793; x_wconf 80' lang='lat' dir='ltr'><strong>usus.</strong></span> <span class='ocrx_word' id='word_1_53' title='bbox 1893 745 1952 792; x_wconf 91' lang='lat' dir='ltr'><strong>In</strong></span> <span class='ocrx_word' id='word_1_54' title='bbox 1980 747 2086 793; x_wconf 77' lang='lat' dir='ltr'><strong>aliis</strong></span> <span class='ocrx_word' id='word_1_55' title='bbox 2117 747 2306 795; x_wconf 86' lang='lat' dir='ltr'><strong>tribuni</strong></span> <span class='ocrx_word' id='word_1_56' title='bbox 2326 747 2463 796; x_wconf 85' lang='lat' dir='ltr'><strong>mili-</strong></span> 
     </span>
     <span class='ocr_line' id='line_1_6' title="bbox 438 832 2462 900; baseline 0 -15"><span class='ocrx_word' id='word_1_57' title='bbox 438 839 546 886; x_wconf 76' lang='lat' dir='ltr'><strong>tum</strong></span> <span class='ocrx_word' id='word_1_58' title='bbox 565 873 581 900; x_wconf 93' lang='lat'><strong>,</strong></span> <span class='ocrx_word' id='word_1_59' title='bbox 605 834 886 885; x_wconf 80' lang='lat' dir='ltr'><strong>cohortium</strong></span> <span class='ocrx_word' id='word_1_60' title='bbox 901 872 917 897; x_wconf 94' lang='lat'><strong>,</strong></span> <span class='ocrx_word' id='word_1_61' title='bbox 946 835 1126 883; x_wconf 64' lang='lat' dir='ltr'><strong>aerarii.</strong></span> <span class='ocrx_word' id='word_1_62' title='bbox 1146 862 1203 870; x_wconf 89' lang='lat'>—</span> <span class='ocrx_word' id='word_1_63' title='bbox 1231 833 1283 898; x_wconf 80' lang='lat'><strong>6)</strong></span> <span class='ocrx_word' id='word_1_64' title='bbox 1305 833 1410 882; x_wconf 76' lang='lat' dir='ltr'><strong>Liv.</strong></span> <span class='ocrx_word' id='word_1_65' title='bbox 1429 834 1461 881; x_wconf 88' lang='grc'><strong>2</strong></span> <span class='ocrx_word' id='word_1_66' title='bbox 1480 869 1496 897; x_wconf 88' lang='lat'><strong>,</strong></span> <span class='ocrx_word' id='word_1_67' title='bbox 1520 832 1604 882; x_wconf 80' lang='lat'><strong>58.</strong></span> <span class='ocrx_word' id='word_1_68' title='bbox 1625 861 1685 870; x_wconf 89' lang='lat'><strong>——</strong></span> <span class='ocrx_word' id='word_1_69' title='bbox 1705 833 1757 896; x_wconf 91' lang='grc'><strong>7)</strong></span> <span class='ocrx_word' id='word_1_70' title='bbox 1777 834 1882 881; x_wconf 77' lang='lat' dir='ltr'><strong>Liv.</strong></span> <span class='ocrx_word' id='word_1_71' title='bbox 1901 834 1950 896; x_wconf 76' lang='lat'><strong>5,</strong></span> <span class='ocrx_word' id='word_1_72' title='bbox 1971 835 2051 883; x_wconf 75' lang='lat'><strong>30.</strong></span> <span class='ocrx_word' id='word_1_73' title='bbox 2074 864 2131 872; x_wconf 89' lang='lat'>—</span> <span class='ocrx_word' id='word_1_74' title='bbox 2153 835 2203 900; x_wconf 89' lang='lat'><strong>8)</strong></span> <span class='ocrx_word' id='word_1_75' title='bbox 2222 836 2283 884; x_wconf 79' lang='lat' dir='ltr'><strong>V.</strong></span> <span class='ocrx_word' id='word_1_76' title='bbox 2310 836 2462 887; x_wconf 83' lang='lat' dir='ltr'><strong>Bach.</strong></span> 
     </span>
     <span class='ocr_line' id='line_1_7' title="bbox 443 920 2463 990; baseline 0 -16"><span class='ocrx_word' id='word_1_77' title='bbox 443 926 585 974; x_wconf 67' lang='lat' dir='ltr'><strong>Hice.</strong></span> <span class='ocrx_word' id='word_1_78' title='bbox 610 926 845 989; x_wconf 67' lang='lat' dir='ltr'><strong>Juriapr.</strong></span> <span class='ocrx_word' id='word_1_79' title='bbox 876 923 947 975; x_wconf 80' lang='lat' dir='ltr'><strong>R.</strong></span> <span class='ocrx_word' id='word_1_80' title='bbox 969 925 1008 972; x_wconf 86' lang='lat'><strong>1.</strong></span> <span class='ocrx_word' id='word_1_81' title='bbox 1032 926 1084 973; x_wconf 83' lang='grc'><strong>2.</strong></span> <span class='ocrx_word' id='word_1_82' title='bbox 1107 940 1157 971; x_wconf 86' lang='lat' dir='ltr'><strong>e.</strong></span> <span class='ocrx_word' id='word_1_83' title='bbox 1177 923 1228 972; x_wconf 89' lang='grc'><strong>2.</strong></span> <span class='ocrx_word' id='word_1_84' title='bbox 1254 920 1300 989; x_wconf 87' lang='lat'><strong>§.</strong></span> <span class='ocrx_word' id='word_1_85' title='bbox 1323 922 1488 972; x_wconf 69' lang='lat'>5⁶2.—</span> <span class='ocrx_word' id='word_1_86' title='bbox 1505 921 1558 988; x_wconf 82' lang='lat'><strong>9)</strong></span> <span class='ocrx_word' id='word_1_87' title='bbox 1585 921 1677 986; x_wconf 80' lang='lat'><strong>14,</strong></span> <span class='ocrx_word' id='word_1_88' title='bbox 1695 922 1746 971; x_wconf 90' lang='grc'><strong>8.</strong></span> <span class='ocrx_word' id='word_1_89' title='bbox 1770 923 1844 972; x_wconf 73' lang='lat' dir='ltr'><strong>Cf.</strong></span> <span class='ocrx_word' id='word_1_90' title='bbox 1870 923 2004 972; x_wconf 82' lang='lat' dir='ltr'><strong>Suet.</strong></span> <span class='ocrx_word' id='word_1_91' title='bbox 2022 925 2160 989; x_wconf 81' lang='lat' dir='ltr'><strong>Auq.</strong></span> <span class='ocrx_word' id='word_1_92' title='bbox 2187 925 2268 974; x_wconf 78' lang='lat'><strong>10.</strong></span> <span class='ocrx_word' id='word_1_93' title='bbox 2291 952 2356 964; x_wconf 92' lang='lat'><strong>—·</strong></span> <span class='ocrx_word' id='word_1_94' title='bbox 2378 926 2463 990; x_wconf 86' lang='lat'><strong>10)</strong></span> 
     </span>
     <span class='ocr_line' id='line_1_8' title="bbox 439 1012 1430 1080; baseline -0.004 -15"><span class='ocrx_word' id='word_1_95' title='bbox 439 1014 472 1065; x_wconf 72' lang='grc' dir='ltr'>ὅ</span> <span class='ocrx_word' id='word_1_96' title='bbox 490 1049 507 1080; x_wconf 84' lang='grc'><em>,</em></span> <span class='ocrx_word' id='word_1_97' title='bbox 528 1014 612 1066; x_wconf 75' lang='lat'><strong>65.</strong></span> <span class='ocrx_word' id='word_1_98' title='bbox 638 1016 714 1066; x_wconf 77' lang='lat' dir='ltr'><strong>Cf.</strong></span> <span class='ocrx_word' id='word_1_99' title='bbox 738 1016 874 1064; x_wconf 83' lang='lat' dir='ltr'><strong>Suet.</strong></span> <span class='ocrx_word' id='word_1_100' title='bbox 900 1015 937 1063; x_wconf 85' lang='lat' dir='ltr'><strong>l.</strong></span> <span class='ocrx_word' id='word_1_101' title='bbox 961 1029 1012 1063; x_wconf 85' lang='lat' dir='ltr'><strong>c.</strong></span> <span class='ocrx_word' id='word_1_102' title='bbox 1036 1041 1097 1050; x_wconf 94' lang='lat'><strong>—</strong></span> <span class='ocrx_word' id='word_1_103' title='bbox 1116 1013 1200 1079; x_wconf 81' lang='lat'><strong>11)</strong></span> <span class='ocrx_word' id='word_1_104' title='bbox 1224 1013 1288 1062; x_wconf 74' lang='lat'><strong>50</strong></span> <span class='ocrx_word' id='word_1_105' title='bbox 1306 1050 1325 1078; x_wconf 84' lang='grc'>,</span> <span class='ocrx_word' id='word_1_106' title='bbox 1349 1012 1430 1064; x_wconf 87' lang='grc'><strong>19.</strong></span> 
     </span>
    </p>
   </div>
   <div class='ocr_carea' id='block_1_4' title="bbox 436 1177 2485 3450">
    <p class='ocr_par' dir='ltr' id='par_1_4' title="bbox 436 1177 2485 3290">
     <span class='ocr_line' id='line_1_9' title="bbox 533 1177 2465 1246; baseline -0.001 -3"><span class='ocrx_word' id='word_1_107' title='bbox 533 1181 683 1245; x_wconf 90' lang='grc'><strong>207.</strong></span> <span class='ocrx_word' id='word_1_108' title='bbox 734 1181 998 1246; x_wconf 81' lang='lat' dir='ltr'><strong>Potestas</strong></span> <span class='ocrx_word' id='word_1_109' title='bbox 1049 1179 1372 1245; x_wconf 84' lang='lat' dir='ltr'><strong>tribunitia</strong></span> <span class='ocrx_word' id='word_1_110' title='bbox 1419 1178 1595 1244; x_wconf 89' lang='lat' dir='ltr'><strong>initio</strong></span> <span class='ocrx_word' id='word_1_111' title='bbox 1643 1181 1815 1243; x_wconf 86' lang='lat' dir='ltr'><strong>nulla</strong></span> <span class='ocrx_word' id='word_1_112' title='bbox 1870 1179 1999 1242; x_wconf 81' lang='lat' dir='ltr'><strong>fere</strong></span> <span class='ocrx_word' id='word_1_113' title='bbox 2055 1177 2173 1241; x_wconf 91' lang='lat' dir='ltr'><strong>nisi</strong></span> <span class='ocrx_word' id='word_1_114' title='bbox 2223 1188 2465 1242; x_wconf 83' lang='lat' dir='ltr'><strong>senatus</strong></span> 
     </span>
     <span class='ocr_line' id='line_1_10' title="bbox 440 1291 2465 1379; baseline 0 -24"><span class='ocrx_word' id='word_1_115' title='bbox 440 1291 682 1357; x_wconf 84' lang='lat' dir='ltr'><strong>decreta</strong></span> <span class='ocrx_word' id='word_1_116' title='bbox 723 1294 890 1379; x_wconf 88' lang='lat' dir='ltr'><strong>plebi</strong></span> <span class='ocrx_word' id='word_1_117' title='bbox 927 1295 1230 1360; x_wconf 87' lang='lat' dir='ltr'><strong>contraria</strong></span> <span class='ocrx_word' id='word_1_118' title='bbox 1270 1291 1691 1379; x_wconf 82' lang='lat' dir='ltr'><strong>impediendi,</strong></span> <span class='ocrx_word' id='word_1_119' title='bbox 1722 1292 1887 1379; x_wconf 90' lang='lat' dir='ltr'><strong>quod</strong></span> <span class='ocrx_word' id='word_1_120' title='bbox 1927 1292 2234 1356; x_wconf 84' lang='lat' dir='ltr'><strong>faciebant</strong></span> <span class='ocrx_word' id='word_1_121' title='bbox 2261 1293 2465 1356; x_wconf 91' lang='lat' dir='ltr'><strong>solen-</strong></span> 
     </span>
     <span class='ocr_line' id='line_1_11' title="bbox 440 1404 2465 1496; baseline -0 -26"><span class='ocrx_word' id='word_1_122' title='bbox 440 1406 625 1470; x_wconf 85' lang='lat' dir='ltr'>nibus</span> <span class='ocrx_word' id='word_1_123' title='bbox 667 1408 971 1472; x_wconf 87' lang='lat' dir='ltr'><strong>vocabulis</strong></span> <span class='ocrx_word' id='word_1_124' title='bbox 1010 1422 1142 1471; x_wconf 84' lang='lat' dir='ltr'><strong>veto</strong></span> <span class='ocrx_word' id='word_1_125' title='bbox 1180 1409 1291 1496; x_wconf 87' lang='lat'><strong>1),</strong></span> <span class='ocrx_word' id='word_1_126' title='bbox 1332 1405 1700 1482; x_wconf 79' lang='lat' dir='ltr'><strong>intercedo3</strong></span> <span class='ocrx_word' id='word_1_127' title='bbox 1739 1404 1907 1469; x_wconf 87' lang='lat' dir='ltr'><strong>uude</strong></span> <span class='ocrx_word' id='word_1_128' title='bbox 1952 1406 2297 1470; x_wconf 72' lang='lat' dir='ltr'><strong>intercessio</strong></span> <span class='ocrx_word' id='word_1_129' title='bbox 2343 1407 2465 1469; x_wconf 86' lang='lat' dir='ltr'><strong>tri-</strong></span> 
     </span>
     <span class='ocr_line' id='line_1_12' title="bbox 439 1507 2467 1605; baseline 0.001 -24"><span class='ocrx_word' id='word_1_130' title='bbox 439 1507 703 1586; x_wconf 73' lang='lat' dir='ltr'><strong>bufiitia.</strong></span> <span class='ocrx_word' id='word_1_131' title='bbox 763 1523 844 1584; x_wconf 81' lang='lat' dir='ltr'><strong>At</strong></span> <span class='ocrx_word' id='word_1_132' title='bbox 898 1543 1039 1584; x_wconf 80' lang='lat' dir='ltr'><strong>mox</strong></span> <span class='ocrx_word' id='word_1_133' title='bbox 1087 1520 1277 1584; x_wconf 87' lang='lat' dir='ltr'><strong>iidem</strong></span> <span class='ocrx_word' id='word_1_134' title='bbox 1333 1519 1412 1584; x_wconf 86' lang='lat' dir='ltr'><strong>ad</strong></span> <span class='ocrx_word' id='word_1_135' title='bbox 1470 1519 1768 1605; x_wconf 90' lang='lat' dir='ltr'><strong>populum</strong></span> <span class='ocrx_word' id='word_1_136' title='bbox 1793 1567 1809 1598; x_wconf 86' lang='lat'><strong>,</strong></span> <span class='ocrx_word' id='word_1_137' title='bbox 1863 1529 2027 1582; x_wconf 83' lang='lat' dir='ltr'><strong>certe</strong></span> <span class='ocrx_word' id='word_1_138' title='bbox 2082 1517 2159 1583; x_wconf 90' lang='lat' dir='ltr'><strong>ad</strong></span> <span class='ocrx_word' id='word_1_139' title='bbox 2222 1519 2467 1604; x_wconf 84' lang='lat' dir='ltr'><strong>plebem</strong></span> 
     </span>
     <span class='ocr_line' id='line_1_13' title="bbox 444 1628 2467 1720; baseline -0.001 -25"><span class='ocrx_word' id='word_1_140' title='bbox 444 1628 824 1719; x_wconf 83' lang='lat'><strong>(§168.),</strong></span> <span class='ocrx_word' id='word_1_141' title='bbox 865 1634 1030 1720; x_wconf 91' lang='lat' dir='ltr'><strong>leges</strong></span> <span class='ocrx_word' id='word_1_142' title='bbox 1073 1631 1351 1715; x_wconf 80' lang='lat' dir='ltr'><strong>ferendi,</strong></span> <span class='ocrx_word' id='word_1_143' title='bbox 1407 1641 1709 1717; x_wconf 86' lang='lat' dir='ltr'><strong>postremo</strong></span> <span class='ocrx_word' id='word_1_144' title='bbox 1742 1641 1802 1694; x_wconf 87' lang='lat' dir='ltr'><strong>et</strong></span> <span class='ocrx_word' id='word_1_145' title='bbox 1847 1630 2083 1693; x_wconf 85' lang='lat' dir='ltr'><strong>senatui</strong></span> <span class='ocrx_word' id='word_1_146' title='bbox 2123 1630 2467 1716; x_wconf 83' lang='lat' dir='ltr'><strong>imperandi</strong></span> 
     </span>
     <span class='ocr_line' id='line_1_14' title="bbox 436 1740 2466 1833; baseline 0 -26"><span class='ocrx_word' id='word_1_147' title='bbox 436 1741 543 1825; x_wconf 83' lang='lat' dir='ltr'><strong>jus</strong></span> <span class='ocrx_word' id='word_1_148' title='bbox 593 1758 969 1831; x_wconf 85' lang='lat' dir='ltr'><strong>usurparunt</strong></span> <span class='ocrx_word' id='word_1_149' title='bbox 1016 1744 1107 1833; x_wconf 86' lang='lat'><strong>2).</strong></span> <span class='ocrx_word' id='word_1_150' title='bbox 1165 1747 1513 1826; x_wconf 84' lang='lat' dir='ltr'><strong>Caeterum,</strong></span> <span class='ocrx_word' id='word_1_151' title='bbox 1560 1743 1751 1826; x_wconf 89' lang='lat' dir='ltr'><strong>olim,</strong></span> <span class='ocrx_word' id='word_1_152' title='bbox 1790 1752 2005 1807; x_wconf 85' lang='lat' dir='ltr'><strong>senatu</strong></span> <span class='ocrx_word' id='word_1_153' title='bbox 2053 1740 2466 1824; x_wconf 73' lang='lat' dir='ltr'><strong>deliberante,</strong></span> 
     </span>
     <span class='ocr_line' id='line_1_15' title="bbox 442 1849 2467 1946; baseline 0 -25"><span class='ocrx_word' id='word_1_154' title='bbox 442 1849 584 1922; x_wconf 82' lang='lat' dir='ltr'><strong>ante</strong></span> <span class='ocrx_word' id='word_1_155' title='bbox 618 1859 814 1923; x_wconf 79' lang='lat' dir='ltr'><strong>valvas</strong></span> <span class='ocrx_word' id='word_1_156' title='bbox 839 1860 1028 1924; x_wconf 70' lang='lat' dir='ltr'><strong>c&#39;uriae</strong></span> <span class='ocrx_word' id='word_1_157' title='bbox 1052 1859 1328 1924; x_wconf 80' lang='lat' dir='ltr'><strong>sedentes</strong></span> <span class='ocrx_word' id='word_1_158' title='bbox 1359 1856 1426 1946; x_wconf 81' lang='lat'><strong>3)</strong></span> <span class='ocrx_word' id='word_1_159' title='bbox 1451 1907 1467 1940; x_wconf 91' lang='lat'><strong>,</strong></span> <span class='ocrx_word' id='word_1_160' title='bbox 1499 1868 1632 1942; x_wconf 87' lang='lat' dir='ltr'><strong>post</strong></span> <span class='ocrx_word' id='word_1_161' title='bbox 1661 1878 1922 1921; x_wconf 89' lang='lat' dir='ltr'><strong>munere</strong></span> <span class='ocrx_word' id='word_1_162' title='bbox 1952 1867 2252 1921; x_wconf 74' lang='lat' dir='ltr'><strong>senatores</strong></span> <span class='ocrx_word' id='word_1_163' title='bbox 2287 1859 2467 1942; x_wconf 81' lang='lat' dir='ltr'><strong>faeti3</strong></span> 
     </span>
     <span class='ocr_line' id='line_1_16' title="bbox 444 1971 2472 2062; baseline 0.001 -27"><span class='ocrx_word' id='word_1_164' title='bbox 444 1993 582 2058; x_wconf 83' lang='lat' dir='ltr'><strong>quae</strong></span> <span class='ocrx_word' id='word_1_165' title='bbox 625 1982 832 2036; x_wconf 87' lang='lat' dir='ltr'><strong>tamen</strong></span> <span class='ocrx_word' id='word_1_166' title='bbox 887 1974 1184 2037; x_wconf 86' lang='lat' dir='ltr'><strong>sententia</strong></span> <span class='ocrx_word' id='word_1_167' title='bbox 1233 1971 1595 2035; x_wconf 85' lang='lat' dir='ltr'><strong>difficultate</strong></span> <span class='ocrx_word' id='word_1_168' title='bbox 1643 1993 1769 2034; x_wconf 90' lang='lat' dir='ltr'><strong>non</strong></span> <span class='ocrx_word' id='word_1_169' title='bbox 1817 1983 1982 2036; x_wconf 87' lang='lat' dir='ltr'><strong>caret</strong></span> <span class='ocrx_word' id='word_1_170' title='bbox 2021 1971 2138 2062; x_wconf 80' lang='lat' dir='ltr'><strong>(cf.</strong></span> <span class='ocrx_word' id='word_1_171' title='bbox 2180 1977 2239 2059; x_wconf 77' lang='grc'><strong>5.</strong></span> <span class='ocrx_word' id='word_1_172' title='bbox 2282 1973 2472 2058; x_wconf 85' lang='grc'><strong>175.)</strong></span> 
     </span>
     <span class='ocr_line' id='line_1_17' title="bbox 444 2085 2473 2171; baseline -0 -23"><span class='ocrx_word' id='word_1_173' title='bbox 444 2086 553 2150; x_wconf 84' lang='lat' dir='ltr'><strong>Jus</strong></span> <span class='ocrx_word' id='word_1_174' title='bbox 607 2107 897 2171; x_wconf 86' lang='lat' dir='ltr'><strong>quoque,</strong></span> <span class='ocrx_word' id='word_1_175' title='bbox 948 2086 1053 2149; x_wconf 88' lang='lat' dir='ltr'><strong>sed</strong></span> <span class='ocrx_word' id='word_1_176' title='bbox 1108 2107 1326 2170; x_wconf 88' lang='lat' dir='ltr'><strong>parum</strong></span> <span class='ocrx_word' id='word_1_177' title='bbox 1370 2085 1750 2169; x_wconf 81' lang='lat' dir='ltr'><strong>exploratum</strong></span> <span class='ocrx_word' id='word_1_178' title='bbox 1783 2132 1802 2167; x_wconf 87' lang='lat'><strong>,</strong></span> <span class='ocrx_word' id='word_1_179' title='bbox 1852 2085 2080 2170; x_wconf 90' lang='lat' dir='ltr'><strong>quibus</strong></span> <span class='ocrx_word' id='word_1_180' title='bbox 2129 2086 2195 2147; x_wconf 91' lang='lat' dir='ltr'><strong>in</strong></span> <span class='ocrx_word' id='word_1_181' title='bbox 2238 2087 2473 2164; x_wconf 81' lang='lat' dir='ltr'><strong>causiS,</strong></span> 
     </span>
     <span class='ocr_line' id='line_1_18' title="bbox 447 2197 2476 2286; baseline 0 -24"><span class='ocrx_word' id='word_1_182' title='bbox 447 2197 750 2264; x_wconf 84' lang='lat' dir='ltr'><strong>dixerunt.</strong></span> <span class='ocrx_word' id='word_1_183' title='bbox 786 2199 1074 2284; x_wconf 89' lang='lat' dir='ltr'><strong>Denique</strong></span> <span class='ocrx_word' id='word_1_184' title='bbox 1118 2208 1374 2282; x_wconf 88' lang='lat' dir='ltr'><strong>potestas</strong></span> <span class='ocrx_word' id='word_1_185' title='bbox 1411 2197 1868 2286; x_wconf 81' lang='lat' dir='ltr'><strong>Tribunorum,</strong></span> <span class='ocrx_word' id='word_1_186' title='bbox 1913 2201 2091 2264; x_wconf 90' lang='lat' dir='ltr'><strong>nullo</strong></span> <span class='ocrx_word' id='word_1_187' title='bbox 2129 2201 2268 2265; x_wconf 87' lang='lat' dir='ltr'><strong>satis</strong></span> <span class='ocrx_word' id='word_1_188' title='bbox 2310 2211 2476 2263; x_wconf 86' lang='lat' dir='ltr'><strong>certo</strong></span> 
     </span>
     <span class='ocr_line' id='line_1_19' title="bbox 444 2295 2476 2397; baseline 0.002 -24"><span class='ocrx_word' id='word_1_189' title='bbox 444 2310 643 2374; x_wconf 87' lang='lat' dir='ltr'><strong>limite</strong></span> <span class='ocrx_word' id='word_1_190' title='bbox 679 2311 944 2374; x_wconf 83' lang='lat' dir='ltr'><strong>coercita</strong></span> <span class='ocrx_word' id='word_1_191' title='bbox 965 2357 983 2393; x_wconf 91' lang='lat'><strong>,</strong></span> <span class='ocrx_word' id='word_1_192' title='bbox 1015 2295 1387 2396; x_wconf 85' lang='lat' dir='ltr'><strong>quandoque</strong></span> <span class='ocrx_word' id='word_1_193' title='bbox 1421 2307 1735 2395; x_wconf 79' lang='lat' dir='ltr'><strong>tyrannidi</strong></span> <span class='ocrx_word' id='word_1_194' title='bbox 1765 2311 2012 2396; x_wconf 89' lang='lat' dir='ltr'><strong>propior</strong></span> <span class='ocrx_word' id='word_1_195' title='bbox 2043 2313 2200 2397; x_wconf 84' lang='lat' dir='ltr'><strong>fuit,</strong></span> <span class='ocrx_word' id='word_1_196' title='bbox 2240 2312 2476 2377; x_wconf 90' lang='lat' dir='ltr'><strong>dissen-</strong></span> 
     </span>
     <span class='ocr_line' id='line_1_20' title="bbox 446 2422 2479 2510; baseline 0.003 -23"><span class='ocrx_word' id='word_1_197' title='bbox 446 2426 616 2489; x_wconf 80' lang='lat' dir='ltr'><strong>sione</strong></span> <span class='ocrx_word' id='word_1_198' title='bbox 657 2425 820 2487; x_wconf 86' lang='lat' dir='ltr'><strong>inter</strong></span> <span class='ocrx_word' id='word_1_199' title='bbox 862 2425 1020 2510; x_wconf 86' lang='lat' dir='ltr'><strong>ipsos</strong></span> <span class='ocrx_word' id='word_1_200' title='bbox 1042 2473 1059 2506; x_wconf 94' lang='lat'><strong>,</strong></span> <span class='ocrx_word' id='word_1_201' title='bbox 1090 2447 1277 2510; x_wconf 91' lang='lat' dir='ltr'><strong>quam</strong></span> <span class='ocrx_word' id='word_1_202' title='bbox 1319 2422 1537 2488; x_wconf 88' lang='lat' dir='ltr'><strong>callide</strong></span> <span class='ocrx_word' id='word_1_203' title='bbox 1569 2425 1773 2488; x_wconf 84' lang='lat' dir='ltr'><strong>fovere</strong></span> <span class='ocrx_word' id='word_1_204' title='bbox 1805 2440 2203 2493; x_wconf 77' lang='lat' dir='ltr'><strong>consueverat</strong></span> <span class='ocrx_word' id='word_1_205' title='bbox 2237 2441 2479 2494; x_wconf 81' lang='lat' dir='ltr'><strong>senatus</strong></span> 
     </span>
     <span class='ocr_line' id='line_1_21' title="bbox 449 2534 2480 2631; baseline 0.003 -30"><span class='ocrx_word' id='word_1_206' title='bbox 449 2536 568 2627; x_wconf 83' lang='lat' dir='ltr'><strong>(cs.</strong></span> <span class='ocrx_word' id='word_1_207' title='bbox 601 2539 660 2624; x_wconf 83' lang='lat'><strong>§.</strong></span> <span class='ocrx_word' id='word_1_208' title='bbox 704 2534 888 2625; x_wconf 88' lang='lat'>162.)</span> <span class='ocrx_word' id='word_1_209' title='bbox 909 2586 926 2621; x_wconf 90' lang='lat'><strong>,</strong></span> <span class='ocrx_word' id='word_1_210' title='bbox 958 2537 1341 2623; x_wconf 83' lang='lat' dir='ltr'><strong>potissimum</strong></span> <span class='ocrx_word' id='word_1_211' title='bbox 1367 2538 1701 2624; x_wconf 82' lang='lat' dir='ltr'><strong>impedita3</strong></span> <span class='ocrx_word' id='word_1_212' title='bbox 1734 2555 2038 2626; x_wconf 86' lang='lat' dir='ltr'><strong>postremo</strong></span> <span class='ocrx_word' id='word_1_213' title='bbox 2058 2566 2094 2608; x_wconf 89' lang='lat' dir='ltr'><strong>a</strong></span> <span class='ocrx_word' id='word_1_214' title='bbox 2123 2544 2288 2631; x_wconf 78' lang='lat' dir='ltr'><strong>Sylla</strong></span> <span class='ocrx_word' id='word_1_215' title='bbox 2315 2544 2480 2608; x_wconf 88' lang='lat' dir='ltr'><strong>Dic-</strong></span> 
     </span>
     <span class='ocr_line' id='line_1_22' title="bbox 444 2652 2479 2745; baseline 0.003 -31"><span class='ocrx_word' id='word_1_216' title='bbox 444 2663 638 2717; x_wconf 86' lang='lat' dir='ltr'><strong>tatore</strong></span> <span class='ocrx_word' id='word_1_217' title='bbox 668 2652 746 2717; x_wconf 87' lang='lat' dir='ltr'><strong>ad</strong></span> <span class='ocrx_word' id='word_1_218' title='bbox 776 2654 965 2716; x_wconf 88' lang='lat' dir='ltr'><strong>solam</strong></span> <span class='ocrx_word' id='word_1_219' title='bbox 996 2652 1495 2717; x_wconf 75' lang='lat' dir='ltr'><strong>intercessionem</strong></span> <span class='ocrx_word' id='word_1_220' title='bbox 1540 2652 1781 2718; x_wconf 87' lang='lat' dir='ltr'><strong>redacta</strong></span> <span class='ocrx_word' id='word_1_221' title='bbox 1809 2702 1827 2737; x_wconf 90' lang='lat'><strong>,</strong></span> <span class='ocrx_word' id='word_1_222' title='bbox 1859 2677 2123 2742; x_wconf 86' lang='lat' dir='ltr'><strong>moxque</strong></span> <span class='ocrx_word' id='word_1_223' title='bbox 2157 2678 2262 2742; x_wconf 82' lang='lat' dir='ltr'><strong>per</strong></span> <span class='ocrx_word' id='word_1_224' title='bbox 2292 2658 2479 2745; x_wconf 71' lang='lat' dir='ltr'><strong>Pom-</strong></span> 
     </span>
     <span class='ocr_line' id='line_1_23' title="bbox 448 2765 2478 2855; baseline 0.002 -24"><span class='ocrx_word' id='word_1_225' title='bbox 448 2768 664 2855; x_wconf 88' lang='lat' dir='ltr'><strong>pejum</strong></span> <span class='ocrx_word' id='word_1_226' title='bbox 703 2766 984 2831; x_wconf 87' lang='lat' dir='ltr'><strong>restituta</strong></span> <span class='ocrx_word' id='word_1_227' title='bbox 1010 2816 1027 2849; x_wconf 93' lang='lat'><strong>,</strong></span> <span class='ocrx_word' id='word_1_228' title='bbox 1057 2789 1256 2853; x_wconf 90' lang='lat' dir='ltr'><strong>quum</strong></span> <span class='ocrx_word' id='word_1_229' title='bbox 1279 2765 1358 2831; x_wconf 87' lang='lat' dir='ltr'><strong>ad</strong></span> <span class='ocrx_word' id='word_1_230' title='bbox 1386 2765 1580 2830; x_wconf 88' lang='lat' dir='ltr'><strong>finem</strong></span> <span class='ocrx_word' id='word_1_231' title='bbox 1624 2789 1817 2854; x_wconf 88' lang='lat' dir='ltr'><strong>usque</strong></span> <span class='ocrx_word' id='word_1_232' title='bbox 1847 2769 2143 2833; x_wconf 75' lang='lat' dir='ltr'><strong>libertatis</strong></span> <span class='ocrx_word' id='word_1_233' title='bbox 2169 2769 2478 2855; x_wconf 81' lang='lat' dir='ltr'><strong>durasset,</strong></span> 
     </span>
     <span class='ocr_line' id='line_1_24' title="bbox 450 2878 2485 2972; baseline 0.001 -27"><span class='ocrx_word' id='word_1_234' title='bbox 450 2885 767 2967; x_wconf 83' lang='lat' dir='ltr'><strong>Augustus</strong></span> <span class='ocrx_word' id='word_1_235' title='bbox 793 2880 884 2972; x_wconf 86' lang='grc'><strong>(5.</strong></span> <span class='ocrx_word' id='word_1_236' title='bbox 919 2878 1121 2971; x_wconf 87' lang='grc'><strong>221.)</strong></span> <span class='ocrx_word' id='word_1_237' title='bbox 1153 2882 1220 2944; x_wconf 90' lang='lat' dir='ltr'><strong>in</strong></span> <span class='ocrx_word' id='word_1_238' title='bbox 1253 2879 1572 2945; x_wconf 87' lang='lat' dir='ltr'><strong>tribunitia</strong></span> <span class='ocrx_word' id='word_1_239' title='bbox 1613 2893 1904 2967; x_wconf 79' lang='lat' dir='ltr'><strong>potestate</strong></span> <span class='ocrx_word' id='word_1_240' title='bbox 1937 2881 2002 2970; x_wconf 78' lang='lat'><strong>4)</strong></span> <span class='ocrx_word' id='word_1_241' title='bbox 2034 2884 2217 2968; x_wconf 81' lang='lat' dir='ltr'><strong>justae</strong></span> <span class='ocrx_word' id='word_1_242' title='bbox 2266 2885 2485 2948; x_wconf 89' lang='lat' dir='ltr'><strong>domi-</strong></span> 
     </span>
     <span class='ocr_line' id='line_1_25' title="bbox 451 2994 2481 3082; baseline -0.001 -21"><span class='ocrx_word' id='word_1_243' title='bbox 451 2998 714 3063; x_wconf 86' lang='lat' dir='ltr'><strong>nationis</strong></span> <span class='ocrx_word' id='word_1_244' title='bbox 768 2995 1033 3082; x_wconf 88' lang='lat' dir='ltr'><strong>speciem</strong></span> <span class='ocrx_word' id='word_1_245' title='bbox 1089 2994 1366 3082; x_wconf 85' lang='lat' dir='ltr'><strong>quaesivit</strong></span> <span class='ocrx_word' id='word_1_246' title='bbox 1389 3042 1406 3073; x_wconf 91' lang='lat'><strong>,</strong></span> <span class='ocrx_word' id='word_1_247' title='bbox 1469 3005 1759 3058; x_wconf 87' lang='lat' dir='ltr'><strong>manente</strong></span> <span class='ocrx_word' id='word_1_248' title='bbox 1814 3005 2022 3059; x_wconf 86' lang='lat' dir='ltr'><strong>tamen</strong></span> <span class='ocrx_word' id='word_1_249' title='bbox 2082 2995 2160 3060; x_wconf 85' lang='lat' dir='ltr'><strong>ad</strong></span> <span class='ocrx_word' id='word_1_250' title='bbox 2222 2997 2481 3061; x_wconf 85' lang='lat' dir='ltr'><strong>labentis</strong></span> 
     </span>
     <span class='ocr_line' id='line_1_26' title="bbox 449 3106 2482 3199; baseline -0.001 -24"><span class='ocrx_word' id='word_1_251' title='bbox 449 3112 703 3198; x_wconf 89' lang='lat' dir='ltr'><strong>Imperii</strong></span> <span class='ocrx_word' id='word_1_252' title='bbox 744 3122 1015 3196; x_wconf 88' lang='lat' dir='ltr'><strong>tempora</strong></span> <span class='ocrx_word' id='word_1_253' title='bbox 1054 3108 1228 3171; x_wconf 87' lang='lat' dir='ltr'><strong>inani</strong></span> <span class='ocrx_word' id='word_1_254' title='bbox 1274 3107 1525 3171; x_wconf 88' lang='lat' dir='ltr'><strong>nomine</strong></span> <span class='ocrx_word' id='word_1_255' title='bbox 1563 3107 1955 3194; x_wconf 85' lang='lat' dir='ltr'><strong>magistratus</strong></span> <span class='ocrx_word' id='word_1_256' title='bbox 1996 3106 2105 3199; x_wconf 88' lang='lat'><strong>5),</strong></span> <span class='ocrx_word' id='word_1_257' title='bbox 2147 3120 2209 3172; x_wconf 91' lang='lat' dir='ltr'><strong>et</strong></span> <span class='ocrx_word' id='word_1_258' title='bbox 2248 3110 2482 3173; x_wconf 90' lang='lat' dir='ltr'><strong>incerto</strong></span> 
     </span>
     <span class='ocr_line' id='line_1_27' title="bbox 451 3227 1184 3290; baseline -0.001 -2"><span class='ocrx_word' id='word_1_259' title='bbox 451 3227 871 3290; x_wconf 84' lang='lat' dir='ltr'><strong>Tribunorum</strong></span> <span class='ocrx_word' id='word_1_260' title='bbox 902 3245 1184 3287; x_wconf 87' lang='lat' dir='ltr'><strong>numero.</strong></span> 
     </span>
    </p>

    <p class='ocr_par' dir='ltr' id='par_1_5' title="bbox 519 3382 2483 3450">
     <span class='ocr_line' id='line_1_28' title="bbox 519 3382 2483 3450; baseline -0.001 -13"><span class='ocrx_word' id='word_1_261' title='bbox 519 3389 652 3449; x_wconf 72' lang='lat' dir='ltr'><strong>¹)v·</strong></span> <span class='ocrx_word' id='word_1_262' title='bbox 676 3388 783 3436; x_wconf 80' lang='lat' dir='ltr'><strong>Liv.</strong></span> <span class='ocrx_word' id='word_1_263' title='bbox 810 3386 880 3447; x_wconf 80' lang='grc'><strong>6.,</strong></span> <span class='ocrx_word' id='word_1_264' title='bbox 903 3385 1000 3448; x_wconf 81' lang='grc'><strong>55,</strong></span> <span class='ocrx_word' id='word_1_265' title='bbox 1025 3384 1160 3432; x_wconf 75' lang='lat' dir='ltr'><strong>Suet.</strong></span> <span class='ocrx_word' id='word_1_266' title='bbox 1186 3383 1307 3433; x_wconf 72' lang='lat' dir='ltr'><strong>Tib.</strong></span> <span class='ocrx_word' id='word_1_267' title='bbox 1331 3383 1463 3433; x_wconf 84' lang='grc'><strong>2.-</strong></span> <span class='ocrx_word' id='word_1_268' title='bbox 1483 3382 1537 3448; x_wconf 81' lang='grc'><strong>2)</strong></span> <span class='ocrx_word' id='word_1_269' title='bbox 1571 3384 1647 3433; x_wconf 83' lang='lat' dir='ltr'><strong>Cf.</strong></span> <span class='ocrx_word' id='word_1_270' title='bbox 1668 3383 1778 3433; x_wconf 80' lang='lat' dir='ltr'><strong>Liv.</strong></span> <span class='ocrx_word' id='word_1_271' title='bbox 1803 3384 1867 3447; x_wconf 68' lang='grc'><strong>4,</strong></span> <span class='ocrx_word' id='word_1_272' title='bbox 1894 3383 1992 3450; x_wconf 75' lang='grc'><strong>25,</strong></span> <span class='ocrx_word' id='word_1_273' title='bbox 2015 3383 2084 3449; x_wconf 76' lang='lat'><strong>5,</strong></span> <span class='ocrx_word' id='word_1_274' title='bbox 2108 3384 2169 3449; x_wconf 82' lang='lat'><strong>9,</strong></span> <span class='ocrx_word' id='word_1_275' title='bbox 2193 3384 2256 3450; x_wconf 72' lang='grc' dir='ltr'><strong>ὕ,</strong></span> <span class='ocrx_word' id='word_1_276' title='bbox 2277 3384 2363 3449; x_wconf 70' lang='grc'><strong>55,</strong></span> <span class='ocrx_word' id='word_1_277' title='bbox 2383 3386 2483 3449; x_wconf 77' lang='grc'><strong>25,</strong></span> 
     </span>
    </p>
   </div>
   <div class='ocr_carea' id='block_1_5' title="bbox 450 3472 2481 3634">
    <p class='ocr_par' dir='ltr' id='par_1_6' title="bbox 450 3472 2481 3634">
     <span class='ocr_line' id='line_1_29' title="bbox 450 3472 2481 3543; baseline 0 -16"><span class='ocrx_word' id='word_1_278' title='bbox 450 3478 483 3527; x_wconf 78' lang='lat'><strong>:3</strong></span> <span class='ocrx_word' id='word_1_279' title='bbox 507 3483 557 3526; x_wconf 86' lang='lat' dir='ltr'><strong>et</strong></span> <span class='ocrx_word' id='word_1_280' title='bbox 577 3479 627 3527; x_wconf 74' lang='lat'><strong>4.</strong></span> <span class='ocrx_word' id='word_1_281' title='bbox 652 3508 711 3517; x_wconf 87' lang='lat'><strong>--</strong></span> <span class='ocrx_word' id='word_1_282' title='bbox 739 3478 792 3543; x_wconf 75' lang='grc' dir='ltr'><strong>ὅ)</strong></span> <span class='ocrx_word' id='word_1_283' title='bbox 816 3476 892 3523; x_wconf 81' lang='lat' dir='ltr'><strong>ef.</strong></span> <span class='ocrx_word' id='word_1_284' title='bbox 911 3475 1023 3523; x_wconf 81' lang='lat' dir='ltr'><strong>val.</strong></span> <span class='ocrx_word' id='word_1_285' title='bbox 1043 3475 1107 3522; x_wconf 78' lang='grc' dir='ltr'><strong>Μ.</strong></span> <span class='ocrx_word' id='word_1_286' title='bbox 1132 3474 1182 3533; x_wconf 89' lang='grc'><strong>2,</strong></span> <span class='ocrx_word' id='word_1_287' title='bbox 1206 3475 1267 3536; x_wconf 87' lang='grc'><strong>2,</strong></span> <span class='ocrx_word' id='word_1_288' title='bbox 1290 3473 1341 3522; x_wconf 92' lang='grc'><strong>7.</strong></span> <span class='ocrx_word' id='word_1_289' title='bbox 1365 3501 1427 3510; x_wconf 92' lang='grc'>-</span> <span class='ocrx_word' id='word_1_290' title='bbox 1445 3472 1496 3538; x_wconf 76' lang='lat'><strong>4)</strong></span> <span class='ocrx_word' id='word_1_291' title='bbox 1518 3474 1595 3521; x_wconf 74' lang='lat' dir='ltr'><strong>Cf.</strong></span> <span class='ocrx_word' id='word_1_292' title='bbox 1620 3475 1740 3524; x_wconf 79' lang='lat' dir='ltr'><strong>Tae.</strong></span> <span class='ocrx_word' id='word_1_293' title='bbox 1763 3475 1907 3523; x_wconf 72' lang='lat' dir='ltr'><strong>Anu.</strong></span> <span class='ocrx_word' id='word_1_294' title='bbox 1935 3475 1985 3539; x_wconf 90' lang='lat'><strong>1,</strong></span> <span class='ocrx_word' id='word_1_295' title='bbox 2004 3476 2056 3539; x_wconf 76' lang='grc'><strong>2,</strong></span> <span class='ocrx_word' id='word_1_296' title='bbox 2081 3475 2217 3524; x_wconf 71' lang='lat' dir='ltr'><strong>Suet.</strong></span> <span class='ocrx_word' id='word_1_297' title='bbox 2236 3477 2375 3538; x_wconf 67' lang='lat' dir='ltr'><strong>Anq-</strong></span> <span class='ocrx_word' id='word_1_298' title='bbox 2397 3476 2481 3527; x_wconf 89' lang='grc'><strong>27.</strong></span> 
     </span>
     <span class='ocr_line' id='line_1_30' title="bbox 456 3560 2130 3634; baseline -0.005 -16"><span class='ocrx_word' id='word_1_299' title='bbox 456 3596 517 3605; x_wconf 91' lang='grc'><strong>-</strong></span> <span class='ocrx_word' id='word_1_300' title='bbox 539 3570 591 3634; x_wconf 79' lang='lat'><strong>5)</strong></span> <span class='ocrx_word' id='word_1_301' title='bbox 618 3568 693 3617; x_wconf 79' lang='lat' dir='ltr'><strong>Cf.</strong></span> <span class='ocrx_word' id='word_1_302' title='bbox 718 3569 838 3616; x_wconf 77' lang='lat' dir='ltr'><strong>Tae.</strong></span> <span class='ocrx_word' id='word_1_303' title='bbox 863 3568 1006 3615; x_wconf 67' lang='lat' dir='ltr'><strong>Ama.</strong></span> <span class='ocrx_word' id='word_1_304' title='bbox 1034 3564 1093 3629; x_wconf 86' lang='grc'><strong>1,</strong></span> <span class='ocrx_word' id='word_1_305' title='bbox 1115 3563 1200 3613; x_wconf 90' lang='grc'><strong>77.</strong></span> <span class='ocrx_word' id='word_1_306' title='bbox 1224 3564 1301 3612; x_wconf 77' lang='lat' dir='ltr'><strong>Cf.</strong></span> <span class='ocrx_word' id='word_1_307' title='bbox 1322 3563 1500 3627; x_wconf 85' lang='lat' dir='ltr'><strong>Nieup.</strong></span> <span class='ocrx_word' id='word_1_308' title='bbox 1524 3564 1656 3612; x_wconf 86' lang='lat' dir='ltr'><strong>Seot.</strong></span> <span class='ocrx_word' id='word_1_309' title='bbox 1681 3564 1730 3612; x_wconf 86' lang='grc'><strong>2.</strong></span> <span class='ocrx_word' id='word_1_310' title='bbox 1757 3579 1805 3612; x_wconf 86' lang='lat' dir='ltr'><strong>e.</strong></span> <span class='ocrx_word' id='word_1_311' title='bbox 1827 3563 1878 3611; x_wconf 81' lang='lat'><strong>6.</strong></span> <span class='ocrx_word' id='word_1_312' title='bbox 1904 3560 1949 3631; x_wconf 90' lang='lat'><strong>§.</strong></span> <span class='ocrx_word' id='word_1_313' title='bbox 1974 3563 2024 3612; x_wconf 75' lang='lat'><strong>4.</strong></span> <span class='ocrx_word' id='word_1_314' title='bbox 2127 3614 2130 3617; x_wconf 17' lang='lat' dir='ltr'><em>A</em></span> 
     </span>
    </p>
   </div>
   <div class='ocr_carea' id='block_1_6' title="bbox 455 3702 2562 4138">
    <p class='ocr_par' dir='ltr' id='par_1_7' title="bbox 455 3702 2562 4138">
     <span class='ocr_line' id='line_1_31' title="bbox 545 3702 2480 3791; baseline -0.001 -19"><span class='ocrx_word' id='word_1_315' title='bbox 545 3712 698 3774; x_wconf 80' lang='lat'>208.</span> <span class='ocrx_word' id='word_1_316' title='bbox 746 3709 972 3771; x_wconf 81' lang='lat' dir='ltr'><strong>Praeler</strong></span> <span class='ocrx_word' id='word_1_317' title='bbox 993 3704 1298 3791; x_wconf 86' lang='lat' dir='ltr'><strong>originem</strong></span> <span class='ocrx_word' id='word_1_318' title='bbox 1321 3753 1339 3787; x_wconf 92' lang='lat'><strong>,</strong></span> <span class='ocrx_word' id='word_1_319' title='bbox 1369 3715 1430 3768; x_wconf 90' lang='lat' dir='ltr'><strong>et</strong></span> <span class='ocrx_word' id='word_1_320' title='bbox 1453 3725 1592 3790; x_wconf 84' lang='lat' dir='ltr'><strong>quae</strong></span> <span class='ocrx_word' id='word_1_321' title='bbox 1621 3704 1698 3767; x_wconf 92' lang='lat' dir='ltr'><strong>de</strong></span> <span class='ocrx_word' id='word_1_322' title='bbox 1731 3713 2023 3789; x_wconf 85' lang='lat' dir='ltr'><strong>potestate</strong></span> <span class='ocrx_word' id='word_1_323' title='bbox 2053 3702 2480 3771; x_wconf 88' lang='lat' dir='ltr'><strong>Tribunorum</strong></span> 
     </span>
     <span class='ocr_line' id='line_1_32' title="bbox 455 3818 2562 3909; baseline -0.001 -21"><span class='ocrx_word' id='word_1_324' title='bbox 455 3823 657 3888; x_wconf 85' lang='lat' dir='ltr'><strong>Plebis</strong></span> <span class='ocrx_word' id='word_1_325' title='bbox 701 3821 806 3888; x_wconf 83' lang='lat' dir='ltr'><strong>hic</strong></span> <span class='ocrx_word' id='word_1_326' title='bbox 842 3822 1100 3909; x_wconf 85' lang='lat' dir='ltr'><strong>aliisque</strong></span> <span class='ocrx_word' id='word_1_327' title='bbox 1148 3819 1298 3885; x_wconf 87' lang='lat' dir='ltr'><strong>locis</strong></span> <span class='ocrx_word' id='word_1_328' title='bbox 1349 3819 1653 3902; x_wconf 75' lang='lat' dir='ltr'><strong>diximus,</strong></span> <span class='ocrx_word' id='word_1_329' title='bbox 1703 3818 1836 3883; x_wconf 84' lang='lat' dir='ltr'><strong>haee</strong></span> <span class='ocrx_word' id='word_1_330' title='bbox 1879 3818 2144 3884; x_wconf 84' lang='lat' dir='ltr'><strong>notanda</strong></span> <span class='ocrx_word' id='word_1_331' title='bbox 2207 3821 2480 3885; x_wconf 83' lang='lat' dir='ltr'><strong>veniunt.</strong></span> <span class='ocrx_word' id='word_1_332' title='bbox 2557 3900 2562 3905; x_wconf 16' lang='grc' dir='ltr'><strong><em>ι</em></strong></span> 
     </span>
     <span class='ocr_line' id='line_1_33' title="bbox 457 3932 2486 4020; baseline -0.002 -18"><span class='ocrx_word' id='word_1_333' title='bbox 457 3940 684 4004; x_wconf 78' lang='lat' dir='ltr'><strong>Munus</strong></span> <span class='ocrx_word' id='word_1_334' title='bbox 714 3939 956 4004; x_wconf 84' lang='lat' dir='ltr'><strong>inibant</strong></span> <span class='ocrx_word' id='word_1_335' title='bbox 984 3959 1195 4001; x_wconf 85' lang='lat' dir='ltr'><strong>mense</strong></span> <span class='ocrx_word' id='word_1_336' title='bbox 1233 3934 1598 4016; x_wconf 88' lang='lat' dir='ltr'><strong>Decembri,</strong></span> <span class='ocrx_word' id='word_1_337' title='bbox 1631 3955 1755 4020; x_wconf 91' lang='lat' dir='ltr'><strong>quo</strong></span> <span class='ocrx_word' id='word_1_338' title='bbox 1789 3932 1973 4018; x_wconf 85' lang='lat' dir='ltr'><strong>primi</strong></span> <span class='ocrx_word' id='word_1_339' title='bbox 2009 3933 2238 4017; x_wconf 82' lang='lat' dir='ltr'><strong>creati3</strong></span> <span class='ocrx_word' id='word_1_340' title='bbox 2280 3934 2355 3999; x_wconf 91' lang='lat' dir='ltr'><strong>de</strong></span> <span class='ocrx_word' id='word_1_341' title='bbox 2384 3934 2486 3998; x_wconf 91' lang='lat' dir='ltr'><strong>die</strong></span> 
     </span>
     <span class='ocr_line' id='line_1_34' title="bbox 457 4045 2484 4138; baseline -0 -25"><span class='ocrx_word' id='word_1_342' title='bbox 457 4052 596 4116; x_wconf 67' lang='lat' dir='ltr'><strong>virle</strong></span> <span class='ocrx_word' id='word_1_343' title='bbox 640 4055 700 4138; x_wconf 88' lang='grc'><strong>5.</strong></span> <span class='ocrx_word' id='word_1_344' title='bbox 744 4056 891 4119; x_wconf 82' lang='lat'>171.</span> <span class='ocrx_word' id='word_1_345' title='bbox 923 4052 1197 4137; x_wconf 85' lang='lat' dir='ltr'><strong>Insignia</strong></span> <span class='ocrx_word' id='word_1_346' title='bbox 1235 4051 1706 4135; x_wconf 84' lang='lat' dir='ltr'><strong>magistratuum</strong></span> <span class='ocrx_word' id='word_1_347' title='bbox 1733 4047 1904 4112; x_wconf 87' lang='lat' dir='ltr'><strong>nulla</strong></span> <span class='ocrx_word' id='word_1_348' title='bbox 1934 4045 2263 4130; x_wconf 81' lang='lat' dir='ltr'><strong>habebant,</strong></span> <span class='ocrx_word' id='word_1_349' title='bbox 2295 4050 2484 4113; x_wconf 67' lang='lat' dir='ltr'><strong>viator</strong></span> 
     </span>
    </p>
   </div>
  </div>
 </body>
</html>
