3111 4829
1573 381 1763 466 (³94
1806 383 1833 464 )

686 511 739 580 5)
768 513 844 562 cr.
866 512 1043 578 mys.
1074 512 1136 575 6,
1163 513 1253 578 15,
1284 511 1348 561 15
1369 517 1420 560 et
1443 512 1535 576 17,
1560 512 1668 562 mv.
1690 513 1786 579 45,
1822 511 1904 562 18.
1929 515 1992 550 ·-
2014 515 2070 578 e)
2092 509 2169 564 cs.
2202 511 2321 563 rso.
2355 512 2500 563 Am..
2532 514 2594 581 1,
2618 512 2720 582 ³⁷,

681 605 789 657 eie.
818 605 971 656 Vm.
991 605 1057 671 5,
1077 604 1173 670 85,
1195 606 1267 655 aa
1288 604 1443 669 Q.sr.
1468 603 1531 669 5,
1557 603 1607 653 4.

768 771 919 860 394.
969 775 1391 880 vectigalibus
1433 791 1802 879 paucissima
1843 791 2131 870 addimus
2159 792 2237 859 de
2266 793 2564 881 impensis
2593 799 2723 881 pu—

676 907 887 991 blicis,
908 929 1047 994 quae
1069 919 1289 972 mutuo
1314 890 1475 971 nex⁰u
1498 905 1843 991 cohaerent,
1869 907 2320 995 conjungentes
2346 905 2434 997 1).
2463 911 2726 974 Sumtus

675 1020 888 1103 initio,
922 1030 1130 1105 utpote
1176 1042 1358 1106 parva
1409 1020 1476 1084 in
1522 1015 1766 1085 civitate
1792 1069 1810 1105 ‚
1841 1001 2071 1087 modici
2094 1045 2114 1107 3
2164 1019 2271 1085 sed
2313 1022 2380 1084 in
2410 1021 2726 1107 primariis

674 1133 998 1221 ponenda,
1035 1155 1173 1220 quae
1203 1133 1423 1219 religio
1454 1131 1522 1221 2)
1555 1144 1617 1198 et
1646 1125 1896 1221 publica
1923 1156 2109 1221 opera
2137 1134 2516 1222 flagitabant.
2550 1137 2726 1201 De'o-

673 1269 819 1311 rum
855 1246 1095 1311 cultum
1126 1246 1219 1310 vel
1258 1246 1328 1310 iu
1380 1245 1617 1332 exiguis
1651 1245 1869 1311 Romae
1908 1245 2129 1333 opibus
2157 1248 2296 1312 satis
2323 1245 2725 1334 splendidum

675 1360 990 1425 cernimus
1010 1407 1029 1441 ,
1058 1358 1363 1443 'plurimis
1384 1409 1402 1445 ,
1440 1360 1639 1447 iisque
1683 1360 1908 1446 partim
1957 1361 2073 1425 sub
2115 1361 2400 1448 Regibus
2421 1410 2439 1446 ,
2474 1361 2722 1449 ingenti

675 1475 1014 1540 numinum
1046 1474 1244 1540 turbae
1288 1476 1533 1562 templis
1565 1475 1817 1562 dicatis,
1854 1473 2240 1542 sacerdotum
2279 1477 2553 1564 collegiis
2591 1476 2711 1540 in-

675 1589 900 1652 stitutis
921 1638 938 1672 ,
974 1588 1402 1676 frequentibus
1440 1589 1785 1674 sacrificiis,
1824 1590 1987 1654 ludis
2020 1609 2268 1678 quoque
2302 1601 2364 1656 et
2394 1588 2494 1679 (§.
2521 1587 2720 1679 331.)

677 1702 1008 1766 sumtuosis
1060 1702 1258 1787 epulis
1302 1697 1409 1787 3).
1452 1702 1579 1767 Nec
1605 1750 1622 1785 ,
1665 1714 1884 1787 praeter
1933 1704 2162 1790 templa
2185 1752 2203 1788 ,
2266 1704 2450 1768 variis
2502 1703 2728 1769 usibus

677 1799 932 1878 deerant
969 1801 1228 1878 aedificia
1266 1825 1327 1878 et
1354 1814 1611 1878 omnino
1644 1837 1829 1901 opera
1870 1813 2116 1902 publiea
2145 1815 2171 1907 (
2187 1818 2246 1903 §.
2278 1820 2384 1881 50.
2407 1813 2435 1905 )
2459 1865 2477 1901 ‚
2513 1840 2551 1882 e
2582 1816 2728 1904 qui-

675 1925 797 1989 bus
835 1925 1161 2012 grandiora
1191 1924 1559 2011 Capitolium
1587 1923 1648 1990 et
1676 1927 1901 1992 montis
1928 1928 2258 2014 Capitolini
2277 1931 2680 1995 munimenta
2704 1979 2726 2014 ‚

676 2038 894 2103 Circus
927 2040 1044 2122 M„
1080 2038 1311 2103 moenia
1354 2035 1521 2102 urbis
1553 2033 1792 2125 lapidea
1813 2088 1831 2124 ‚
1860 2041 2082 2105 cloacas
2110 2052 2173 2106 et
2195 2040 2615 2127 aquaeductus.

762 2145 838 2218 In
880 2145 1131 2241 reliquis
1163 2164 1399 2218 sumtus
1434 2153 1683 2239 bellici,
1716 2166 1851 2219 tum
1888 2156 2142 2250 leviores
2162 2206 2180 2240 ,
2210 2157 2410 2222 milite
2437 2169 2628 2223 semet
2654 2170 2720 2224 et

672 2265 952 2333 armante
993 2279 1089 2352 et,
1128 2278 1206 2332 ut
1243 2290 1388 2333 sane
1427 2266 1669 2332 videtur
1692 2317 1709 2352 ,
1751 2291 1822 2332 ex
1868 2280 2038 2355 parte
2072 2271 2259 2335 etiam
2291 2283 2673 2338 sustentante
2696 2321 2717 2359 ,

674 2384 871 2472 equiti
918 2382 1098 2448 modo
1137 2399 1373 2471 equum
1395 2430 1413 2466 ,
1442 2393 1503 2447 et
1536 2379 1616 2447 ad
1645 2379 1941 2447 alendum
1972 2383 2068 2447 vel
2098 2385 2431 2470 pecuniam
2464 2388 2559 2452 vel
2584 2410 2719 2453 an-

673 2520 906 2563 nonam
937 2498 1139 2583 potius
1169 2497 1383 2561 aerario
1411 2496 1723 2583 praebente
1747 2496 1845 2587 (§.
1871 2500 2003 2563 364
2036 2500 2098 2561 et
2133 2497 2334 2589 374.)
2359 2524 2378 2585 3
2401 2524 2720 2568 servorum

672 2611 1071 2698 publicorum
1093 2656 1112 2693 ,
1145 2608 1268 2672 sive
1292 2608 1555 2673 aliorum
1581 2658 1599 2693 ,
1627 2609 1751 2673 sive
1788 2610 2246 2697 magistratibus
2281 2615 2719 2703 adparentium

676 2723 776 2813 (5.
807 2716 1009 2812 217),
1036 2734 1096 2787 et
1125 2720 1406 2787 universe
1430 2721 1636 2785 infimi
1664 2721 1897 2786 ordinis
1921 2727 2291 2807 muneribus
2315 2722 2724 2817 fungentium

675 2839 909 2904 civium
956 2838 1339 2923 sustentatio;
1383 2837 1529 2923 ipsis
1575 2838 2033 2925 magistratibus
2068 2844 2165 2906 vel
2196 2846 2514 2930 pensiones
2552 2866 2725 2909 eon-

676 2955 901 3018 stitutae
922 3002 940 3036 ,
970 2951 1048 3018 de
1091 2975 1215 3040 quo
1254 2952 1584 3038 dubitant,
1625 2955 1759 3037 vel,
1788 2953 1956 3041 quod
1992 2969 2231 3023 certum
2276 2972 2403 3045 est,
2435 2971 2680 3026 sumtus
2705 3009 2729 3045 ,

675 3091 831 3155 quos
858 3068 1109 3154 publice
1154 3067 1498 3152 faciebant,
1529 3069 1794 3133 restituti
1837 3068 1865 3159 (
1881 3066 1942 3150 §.
1980 3068 2223 3159 246.);
2271 3074 2518 3160 publica
2564 3074 2725 3141 item

676 3185 950 3269 supellex
973 3230 991 3266 ,
1021 3204 1160 3249 vasa
1194 3193 1484 3269 argentea
1516 3178 1585 3269 4)
1612 3230 1629 3267 ‚
1660 3182 1828 3247 velut
1863 3182 2077 3271 legatis
2103 3184 2365 3272 hospitio
2402 3187 2729 3272 excipien-

676 3296 771 3361 dis
797 3347 816 3382 ‚
852 3308 961 3362 aut
995 3296 1141 3361 alias
1166 3296 1233 3359 in
1269 3293 1598 3382 publicum
1624 3317 1809 3360 usum
1840 3298 2291 3384 magistratibus
2320 3299 2576 3383 tradita3
2603 3298 2730 3365 de-

676 3414 908 3500 nique,
951 3423 1060 3497 ut,
1102 3413 1153 3476 si
1193 3434 1317 3499 qua
1359 3422 1504 3476 sunt
1542 3411 1769 3476 leviora
1793 3461 1810 3496 ‚
1855 3424 2290 3498 praetereamus
2315 3464 2333 3500 ,
2377 3417 2732 3500 frumenti,

679 3551 836 3614 saepe
862 3530 929 3592 in
966 3546 1231 3591 annonae
1270 3526 1519 3591 caritate
1544 3525 1797 3591 aliunde
1825 3517 2020 3613 empti
2040 3576 2058 3612 ‚
2085 3539 2194 3594 aut
2234 3530 2407 3594 nullo
2442 3540 2550 3595 aut
2572 3550 2731 3615 per—

679 3642 900 3729 exiguo
937 3641 1132 3728 pretio
1171 3642 1335 3707 inter
1371 3641 1764 3728 pauperiores
1805 3640 2018 3708 divisio
2064 3639 2153 3730 5).

737 3831 799 3914 '1)
838 3850 907 3899 De
937 3852 1160 3915 utrisque
1195 3848 1525 3900 consulendus
1543 3850 1603 3899 Ι).
1628 3849 1692 3900 11.
1711 3850 2007 3915 Hegewiseh
2031 3852 2261 3915 egregius
2292 3850 2354 3900 de
2376 3850 2728 3904 Romanorum

682 3937 1002 4001 vectigalibus
1023 3941 1183 3990 liber:
1217 3940 1447 3990 Vernae!-
1485 3940 1611 3989 αὖον
1647 3942 1729 3990 dio
1763 3939 2079 3991 Roemt‘sclum
2111 3939 2409 3989 Fn’nanzen.
2431 3941 2734 3991 Laudantur

680 4028 831 4076 etiam
869 4028 930 4076 R.
971 4029 1153 4078 Bosse:
1194 4030 1512 4093 Grundzae'c'qe
1545 4029 1632 4077 des
1655 4028 2055 4079 Fin'anzwesens
2095 4030 2172 4077 im
2210 4027 2527 4079 Roemiachen
2553 4030 2732 4081 Stant.

683 4118 821 4169 Inter
857 4119 1136 4183 antiquiora
1172 4120 1469 4187 primarium
1505 4135 1629 4187 opus
1663 4120 1724 4172 Ρ.
1767 4121 2036 4172 Burmanni
2075 4120 2137 4171 de
2175 4119 2503 4185 vectigalibus
2531 4122 2734 4186 populi
