3111 4829
1315 374 1340 446 t
1380 374 1492 436 211
1538 376 1565 456 )

424 507 543 571 alia
588 507 857 573 conditio
886 518 1128 574 senatus
1173 506 1288 572 sub
1334 509 1554 573 secutis
1588 508 1955 594 Caesaribus3
1982 532 2018 574 e
2060 513 2286 597 quibus
2323 515 2440 578 Ti-

422 620 632 696 berius
656 670 673 703 ‚
711 622 1012 686 translatis
1039 619 1120 685 ad
1149 643 1295 686 eum
1320 596 1794 708 magistratuum
1823 624 2084 688 comitiis
2111 620 2203 714 (S.
2236 625 2440 714 228.),

425 755 494 797 re
520 756 659 798 vera
692 756 910 819 parum
938 736 1285 800 auctoritati
1312 735 1570 822 adjecit,
1600 758 1724 801 non
1751 738 1946 823 magis
1972 738 2163 802 libero
2195 731 2438 825 legendi

424 846 708 929 arbitrio,
760 852 948 934 quam
983 849 1099 913 sub
1147 851 1370 936 populo
1407 852 1649 934 fuerat,
1701 862 1762 916 et
1806 851 2058 938 insuper
2092 852 2442 917 adulatione

422 961 502 1028 ad
530 963 916 1028 serviendum
944 987 1157 1050 patara
1193 962 1280 1052 5).
1318 966 1654 1051 Caeterum,
1683 988 1877 1054 quum
1912 967 2275 1033 hereditaria
2314 990 2437 1032 non

421 1089 575 1142 esset
594 1079 1040 1164 Imperatorum
1069 1091 1325 1166 potestas
1346 1130 1363 1164 ‚
1396 1091 1638 1145 senatus
1669 1080 1940 1163 decreto,
1970 1091 2178 1166 utpote
2215 1083 2440 1166 populo
2477 1077 2479 1081 '

316 1229 319 1232 ·
423 1213 461 1257 a
492 1193 806 1277 republica
848 1196 1114 1278 excluso,
1153 1193 1257 1258 sed
1297 1195 1390 1258 vix
1422 1215 1702 1281 unquam
1747 1194 1938 1258 libera
1983 1196 2278 1259 sententia
2316 1196 2442 1258 tri-—

424 1304 728 1371 buebatur
759 1303 849 1394 6).
886 1306 1041 1372 Nam
1071 1309 1123 1371 si
1156 1308 1286 1372 vivo
1326 1309 1611 1393 Principe
1641 1328 1944 1371 successor
1987 1307 2401 1394 designandus
2425 1360 2442 1390 ,

420 1419 595 1484 illius·
643 1420 987 1504 voluntati,
1038 1421 1132 1484 sin
1179 1432 1464 1503 mortuo,
1503 1421 1867 1506 plerumque
1901 1420 2169 1484 militum
2219 1433 2441 1506 praeto-

422 1532 739 1597 rianorum
775 1531 1018 1595 libidini
1067 1533 1521 1617 obtemperabat
1560 1532 1683 1623 (cf.
1727 1532 1789 1615 §.
1834 1533 1985 1597 225.
2012 1527 2038 1618 )
2064 1581 2082 1615 ,
2111 1532 2278 1597 idem
2318 1534 2442 1599 de·-

420 1644 651 1709 functis
678 1643 1155 1728 Imperatoribus
1175 1645 1410 1710 divinos
1438 1644 1699 1710 honores
1726 1646 2093 1729 decernens,
2122 1647 2244 1712 sive
2264 1647 2441 1712 bonis

420 1756 629 1820 volens
650 1804 668 1839 ,
705 1757 830 1821 sive
861 1758 1135 1842 pessimis
1164 1769 1408 1823 coactus
1454 1757 1549 1847 (§.
1588 1757 1776 1846 490.)
1808 1761 2021 1845 Neque
2050 1759 2188 1824 ideo
2231 1761 2440 1825 minus

419 1882 726 1950 senatores
750 1920 769 1955 ‚
811 1873 993 1959 quale
1048 1874 1117 1937 in
1177 1873 1544 1938 Consulibus
1589 1874 1878 1940 accidisse
1916 1875 2225 1960 vidimuS,
2267 1879 2440 1942 novis

419 1987 774 2052 nominibus
804 1985 831 2075 (
848 1985 909 2068 §.
942 1984 1137 2074 236.)
1167 1979 1364 2052 ornati
1391 2037 1408 2071 ‚
1437 2000 1505 2052 ut
1541 1989 1884 2055 evidentius
1927 2003 2079 2055 esset
2108 2038 2128 2065 ‚
2164 2014 2265 2056 eos
2299 2015 2439 2056 om-

415 2121 567 2169 nem
598 2099 983 2184 splendorem
1018 2123 1055 2164 a
1082 2101 1368 2186 Principe
1405 2099 1683 2167 trahere:
1724 2103 1829 2166 cui
1855 2102 2108 2189 quidem
2145 2127 2216 2168 eo
2244 2105 2439 2191 magis

426 2212 691 2278 devincti
721 2223 894 2277 erant
914 2259 931 2294 ,
958 2211 1125 2297 quod
1145 2211 1222 2276 ad
1253 2213 1388 2296 ejus
1413 2213 1694 2297 libitum,
1720 2236 1793 2280 ac
1832 2214 1972 2280 dato
2005 2227 2113 2280 aut
2141 2220 2441 2303 suppleto,

425 2327 477 2391 si
504 2349 657 2412 opus
682 2337 875 2409 esset,
901 2347 1095 2390 censu
1117 2372 1136 2408 ,
1165 2326 1528 2412 legebantur
1554 2324 1648 2412 7).

484 2489 541 2540 1.
565 2490 641 2539 Cf.
660 2485 770 2542 cio.
794 2489 849 2539 in
876 2488 999 2539 Vat.
1021 2485 1184 2557 §.15.
1209 2515 1271 2525 —
1293 2487 1346 2548 2)
1371 2486 1446 2536 Cf.
1469 2484 1647 2553 Polyb.
1669 2489 1732 2553 6,
1759 2487 1856 2554 14,
1882 2488 2133 2554 Appianus
2155 2489 2192 2538 l.
2217 2504 2264 2538 c.
2289 2519 2350 2529 —-
2381 2493 2437 2552 ὅ)
2485 2558 2488 2561 Δ

420 2581 501 2633 Cf.
524 2580 629 2630 Cio.
650 2595 701 2644 p.
722 2580 860 2631 Sext.
887 2580 949 2629 10
970 2615 985 2643 ‚
1011 2580 1148 2629 Suet.
1175 2578 1303 2629 Coeae.
1323 2578 1405 2629 22.
1423 2605 1484 2616 —
1500 2578 1553 2644 4)
1584 2579 1659 2627 Cf.
1681 2577 1801 2627 Tac.
1820 2580 1963 2628 Anu.
1987 2579 2077 2643 15,
2103 2580 2184 2630 26.
2207 2609 2268 2619 —
2286 2583 2339 2647 5)
2365 2582 2440 2630 Cf.

420 2669 552 2719 Plin.
575 2670 757 2733 Paneg.
775 2668 840 2720 75
863 2675 915 2717 et
931 2667 999 2718 76
1015 2704 1033 2733 ,
1055 2668 1254 2734 Vopiso.
1281 2667 1414 2719 Tac.
1432 2667 1486 2716 7.
1506 2695 1568 2705 -·
1586 2667 1639 2733 ὃ)
1663 2667 1740 2719 Cf.
1761 2666 1892 2732 ch.
1913 2667 1951 2718 l.
1976 2684 2026 2717 c.
2044 2696 2101 2706 -
2123 2668 2177 2736 7)
2202 2669 2278 2719 Cf.
2313 2669 2436 2720 Tae.

425 2763 565 2811 Anu.
589 2760 621 2807 2
638 2796 654 2825 ‚
677 2758 741 2810 37
761 2763 812 2807 et
832 2756 916 2809 38.

903 2919 1271 2963 meTA‘rns
1310 2918 1654 2975 mammon
1691 2919 1949 2963 mnan.

515 3063 662 3126 230.
691 3062 973 3144 Restant,
1000 3080 1153 3146 quas
1176 3059 1469 3142 diximus,
1494 3081 1626 3124 sero
1653 3061 1991 3146 pleraeque,
2015 3061 2166 3124 etin
2190 3061 2437 3126 ruinam

416 3172 548 3257 jam
580 3173 960 3239 manifestius
988 3184 1277 3257 vergente
1302 3173 1571 3259 Imperio
1596 3174 1907 3258 Romano,
1932 3172 2201 3239 inductae
2227 3173 2438 3260 digni-

422 3298 571 3352 tates
592 3334 610 3370 ,
634 3287 756 3350 sive
780 3307 1041 3350 munera
1065 3296 1126 3348 et
1150 3285 1349 3369 tituli,
1375 3309 1410 3351 a
1435 3287 1825 3372 scriptoribus
1852 3286 1987 3372 ejus
2009 3288 2121 3352 aevi
2138 3337 2156 3371 ‚
2180 3311 2435 3374 praeser-
2451 3344 2464 3345 ἶ

418 3400 532 3464 tim
569 3399 636 3462 in
660 3395 953 3463 Novellie
980 3408 1041 3462 et
1072 3397 1421 3463 Cadio-ihm
1449 3397 1878 3464 Iustinianeo
1901 3412 1962 3464 et
1990 3400 2437 3467 Theodosiana

416 3516 771 3601 frequenter
800 3514 1174 3600 sparsimque
1202 3524 1535 3605 memorata
1559 3564 1576 3597 ,
1604 3513 1709 3578 sed
1735 3537 1862 3579 uno
1903 3517 2221 3602 superstite
2258 3516 2435 3580 nobis

418 3628 661 3711 libello,
691 3624 952 3693 Notitae‘a
983 3627 1406 3718 Diqnitamm
1432 3632 1775 3717 utriusque
1805 3626 2132 3716 Imperii,
2160 3630 2439 3694 nomini-

420 3740 537 3806 bus
576 3741 1052 3827 comprehensa:
1101 3764 1295 3829 quam¹
1327 3742 1629 3825 locuplete
1659 3741 1959 3828 doctoque
1998 3742 2437 3807 commentario

420 3853 535 3943 (in
582 3853 773 3921 Thes.
813 3853 1027 3923 Graev.
1075 3856 1195 3922 vol.
1240 3856 1378 3924 VII.
1426 3877 1567 3942 pag.
1607 3842 2066 3945 1309-2022.)
2111 3858 2433 3923 illustravit

416 3966 812 4033 Pancirollus.
832 3968 927 4033 Ad
947 3970 1190 4058 insigne
1210 3969 1399 4036 hocce
1420 3979 1928 4057 monumentum,
1951 3980 2152 4037 nostra
2176 3971 2430 4038 demum

421 4089 631 4164 aetate,
661 4081 949 4169 exiguus,
994 4108 1109 4150 nec
1143 4085 1467 4173 limpidus,
1491 4108 1617 4151 uon
1647 4096 1850 4150 tamen
1886 4086 2263 4172 spernendus
2293 4088 2432 4153 fons
