3111 4829
1416 361 1425 370 ·
1500 369 1524 450 (
1571 370 1689 430 404
1729 368 1755 451 )

626 529 726 573 eos
746 555 764 590 ,
812 507 921 592 qui
950 507 1298 570 Romanam
1343 503 1422 567 ab
1442 489 1819 588 Ausonum,
1861 503 2296 591 antiquissimae
2334 504 2643 570 inferioris

622 621 813 686 ltaliae
852 621 1082 707 gentis,
1124 620 1338 706 lingua
1370 616 1663 680 derivant.

692 784 743 833 1)
768 783 842 830 Cs.
865 781 987 847 Lyd.
1008 783 1069 830 de
1092 784 1346 844 moqt'strr.
1367 780 1427 841 2,
1455 779 1535 828 15.
1554 805 1617 815 —
1637 778 1688 841 2)
1713 778 1788 826 Ab
1807 779 2021 828 Etruscis
2050 779 2246 827 nonnisi
2277 780 2471 844 singula
2491 798 2647 833 vocn-

612 871 752 928 buln
786 870 949 919 latinis
970 871 1112 919 mista
1141 874 1306 928 censet
1321 869 1499 915 Lassen
1536 867 1810 930 (Beitroeqe
1832 884 1877 915 ι.
1899 868 2148 930 Deuumq
2170 869 2223 916 d.
2249 868 2304 919 E
2307 870 2523 932 uqubin.
2547 872 2648 922 Tn-

628 961 732 1010 seln
752 996 767 1023 ‚
792 961 843 1008 in
861 959 1047 1009 mein.
1071 959 1217 1007 Mus.
1245 959 1294 1007 1.
1314 958 1517 1021 Jahrg.·‚
1544 957 1594 1006 5.
1618 957 1681 1005 11.
1702 995 1716 1017 .,
1742 957 1919 1022 1835.)
1945 957 2113 1020 Idem,
2138 956 2341 1012 latinam
2383 958 2507 1010 adeo
2542 975 2650 1011 esse

626 1051 877 1100 sororibus
905 1051 921 1112 (
941 1050 1393 1111 conclamem-ten)
1418 1047 1599 1109 unguis
1638 1046 1810 1095 intime
1832 1053 2089 1110 cognatam
2103 1085 2118 1108 ‚
2142 1054 2200 1096 ut
2214 1047 2436 1098 omnium
2459 1065 2488 1096 e
2511 1065 2653 1100 com·

627 1139 769 1188 muni
799 1140 929 1186 sonte
964 1140 1099 1202 origo
1138 1139 1327 1201 integro
1362 1138 1515 1186 cuivis
1550 1138 1880 1201 investigatori
1919 1137 2175 1186 manifesto
2213 1136 2328 1185 satis
2384 1137 2650 1207 adpareat3

628 1241 828 1274 manere
849 1232 1011 1274 tamen
1041 1225 1218 1273 formas
1237 1226 1472 1288 quasdam
1494 1230 1545 1273 et
1564 1226 1753 1273 radices
1773 1263 1788 1290 ‚
1814 1242 1926 1289 quae
1946 1226 2016 1272 illi
2040 1225 2319 1287 cognationi
2343 1232 2652 1291 repugnent,

628 1319 729 1362 etc.
755 1315 848 1363 Ubi
871 1331 960 1379 pro
994 1316 1353 1364 vorschneider!
1393 1315 1527 1364 aliud
1563 1316 1750 1363 malles.
1782 1342 1845 1353 —
1881 1315 1941 1375 ὅ)
1987 1316 2127 1377 Ilugo
2170 1315 2347 1362 Gesch.
2391 1316 2443 1362 d.
2487 1313 2651 1363 Ram.

632 1402 815 1453 Rechts
839 1401 890 1470 ἓ.
915 1403 996 1453 54.
1023 1421 1073 1468 p.
1097 1404 1194 1453 58:
1223 1431 1287 1443 —
1308 1404 1390 1453 die
1421 1404 1697 1454 Romi-'cho
1737 1404 1958 1467 Spraclw
1995 1420 2106 1453 war
2141 1404 2282 1453 uiolet
2312 1403 2504 1452 oinmal
2535 1403 2653 1452 dom

635 1492 871 1543 Nol-mon
887 1495 1019 1543 nacla
1036 1510 1134 1544 oon
1151 1496 1241 1543 der
1257 1494 1612 1544 Laevini-echon
1631 1495 1964 1546 vorsckiodcn.

731 1661 879 1723 404.
930 1660 1128 1744 Igitur
1157 1660 1371 1746 lingua
1398 1662 1610 1724 Latina
1633 1709 1649 1741 ‚
1682 1663 1729 1724 si
1760 1662 2080 1724 verborum
2111 1659 2508 1745 respiciamus
2528 1656 2664 1720 ori-

641 1775 852 1859 ginem
870 1779 891 1854 ⁴,
914 1774 1096 1858 longe
1126 1774 1451 1837 maximam
1482 1780 1718 1858 parteni
1740 1775 1984 1857 Graeca,
2012 1773 2335 1859 bucusque
2363 1771 2666 1857 asperior,

640 1886 863 1948 saeculo
894 1895 1052 1947 sexto
1093 1886 1398 1949 molliores
1428 1910 1674 1973 quoque
1707 1881 1927 1951 formas
1958 1899 2017 1950 et
2054 1886 2346 1972 aptiorem
2393 1884 2668 1948 venustis

641 1998 859 2061 litteris
890 1996 1169 2061 habitum
1199 2022 1234 2062 a
1257 1999 1613 2064 Graecorum
1639 2001 1997 2086 scriptorum
2022 2000 2359 2063 imitatione
2381 2007 2668 2062 mutuata

646 2121 783 2192 est;
831 2131 959 2196 quo
1009 2121 1281 2196 tempore
1329 2115 1525 2199 qualis
1577 2115 1798 2196 fuerit,
1849 2125 2066 2200 praeter
2110 2113 2392 2194 CatoniS,
2437 2110 2674 2194 Ennii,

646 2225 896 2307 Lucilii,
928 2227 1313 2313 aliorumque
1339 2239 1661 2292 auctorum
1691 2229 2012 2315 reliquias,
2044 2230 2275 2309 Plauti,
2311 2237 2372 2320 et
2398 2224 2673 2289 dictione

643 2357 775 2421 Jam
825 2341 1016 2403 multo
1068 2341 1464 2428 elegantiores
1510 2342 1780 2406 Terentii
1822 2341 2137 2407 comoediae
2177 2341 2507 2405 declarant.
2563 2339 2673 2403 Sic

650 2475 761 2539 per
793 2443 915 2518 duo
947 2457 1201 2537 saecula,
1231 2456 1427 2540 primo
1474 2479 1509 2520 a
1542 2456 1734 2541 poetis
1781 2457 2041 2519 maxime
2085 2466 2145 2518 et
2183 2456 2527 2541 eloquentia
2575 2456 2682 2518 fo-

650 2568 816 2631 rensi
839 2616 855 2649 ‚
891 2579 1020 2652 post
1048 2569 1126 2631 ab
1173 2567 1471 2633 historicis
1501 2592 1746 2655 quoque
1796 2571 2171 2655 gravioribus
2217 2572 2452 2635 exculta
2484 2580 2541 2633 et
2573 2568 2682 2631 di-

653 2691 775 2744 tata
806 2681 922 2768 (cf.
960 2683 1104 2746 Hor.
1146 2682 1235 2746 A.
1282 2684 1363 2747 P.
1386 2660 1594 2770 ‘5635'ss
1640 2686 1823 2747 simul
1854 2686 2391 2769 grammaticorum
2439 2684 2681 2767 scriptis

652 2795 972 2879 castigata,
1005 2796 1283 2858 extremis
1315 2796 1564 2859 demum
1601 2798 1892 2860 libertatis
1920 2798 2297 2882 temporibus
2324 2818 2636 2861 summum
2659 2842 2680 2875 ,

657 2926 778 2991 quo
828 2906 1137 2989 pervenit,
1168 2907 1558 2991 perfectionis
1598 2906 1857 2992 gradum
1891 2909 2194 2992 attingens
2221 2959 2237 2989 ,
2279 2910 2387 2972 etsi
2431 2908 2497 2971 in
2527 2907 2684 2993 qui-

656 3017 915 3083 busdam
953 3019 1244 3102 inferior,
1286 3019 1364 3083 ad
1399 3020 1599 3083 Graeci
1630 3021 1923 3084 sermonis
1953 3022 2370 3085 excellentiam
2406 3021 2684 3106 proxime

657 3134 971 3195 accessisse
1001 3134 1190 3219 aequis
1223 3133 1539 3215 judicibus
1579 3134 1861 3217 videtur3
1895 3156 2008 3198 nec
2056 3134 2349 3198 audiendi
2389 3145 2528 3197 sunt
2558 3135 2686 3197 La—

654 3246 850 3311 tinam
879 3248 1187 3332 linguam‚
1216 3247 1378 3333 quod
1410 3247 1593 3312 hodie
1621 3272 1737 3313 usu
1767 3250 1969 3333 venit,
1999 3250 2203 3335 inepte
2231 3247 2645 3339 deprimentes
2665 3297 2684 3332 ,

659 3384 780 3448 quo
814 3362 1085 3425 Graecam
1122 3362 1458 3446 impensius
1487 3363 1808 3426 mirentur.

751 3483 899 3543 405.
950 3476 1123 3542 Idem
1162 3499 1299 3541 vero
1348 3477 1423 3540 de
1471 3476 1861 3561 scriptoribus
1909 3476 2334 3540 Romanorum
2373 3475 2689 3560 judican-

656 3593 804 3661 dum
828 3643 843 3676 ‚
870 3594 937 3657 in
961 3593 1186 3680 quibus
1214 3593 1588 3659 acerrimum
1611 3590 2011 3656 cum-Graecis
2031 3640 2047 3673 ,
2071 3603 2201 3655 tum
2235 3591 2689 3677 antiquioribus

654 3720 788 3771 tum
819 3706 1243 3773 Alexandrinis
1265 3757 1281 3790 ,
1327 3718 1635 3771 certamen
1661 3755 1677 3788 ‚
1711 3727 1913 3791 neque
1948 3704 2226 3768 servilem
2266 3704 2497 3790 ubique
2524 3704 2693 3768 imi-

656 3823 989 3907 tationem,
1027 3822 1130 3887 sed
1171 3823 1239 3886 in
1285 3822 1494 3885 multis
1531 3820 1801 3905 proprias
1836 3818 2176 3905 grandion's
2223 3817 2445 3881 indolis
2491 3818 2693 3903 inge-
2757 3838 2762 3845 ’

656 3939 867 4023 niique
910 3938 1119 4022 dotes,
1178 3937 1512 4023 praesertim
1561 3936 1626 3997 in
1676 3934 1975 3998 historicis
2037 3932 2471 4020 agnoscimus3
2522 3954 2640 3997 nec
2672 3983 2691 4017 ,

653 4054 817 4152 quod
880 4054 1107 4125 Graecis
1160 4051 1527 4121 inventionis
1572 4051 1704 4115 laus
1756 4049 2056 4134 debetur,
2103 4048 2244 4113 ideo
2293 4071 2417 4114 non
2471 4048 2692 4134 magni
