3111 4829
650 530 704 600 1)
722 517 784 584 v.
807 527 937 601 nup.
959 537 1015 601 p.
1041 534 1127 587 τι.
1161 543 1273 602 sqq.
1291 563 1352 576 -
1368 533 1423 603 9)
1444 533 1507 584 ru
1539 534 1619 584 hi·
1645 530 2064 584 mmmm
2090 528 2352 594 (πω)
2370 529 2616 585 naus-‘ua

586 641 723 688 eum,
747 627 842 689 qui
859 626 1137 690 laqueorum
1157 629 1390 690 nomino,
1413 628 1645 676 mortisve
1665 626 1824 676 causa
1838 625 2041 691 pluth!
2051 625 2145 689 (dic
2164 624 2452 690 emendant)
2472 629 2612 676 ossi-

589 714 684 763 bus
704 717 929 780 cepisset,
953 723 1004 767 et
1024 719 1256 768 Marciam
1276 721 1520 770 moerens
1531 718 1855 780 foeneroeores
1868 752 1888 783 ,
1911 725 1972 766 ut
1985 753 2001 781 ,
2029 719 2079 766 ei
2095 733 2286 766 usum
2307 719 2611 782 ezoqiesene,

590 806 651 853 de
672 806 751 854 Ιιίε
773 809 1043 858 reddendis
1059 826 1155 873 per
1182 825 1368 859 manus
1389 811 1708 873 injectionem
1730 825 1845 857 cum
1870 810 1943 856 eis
1963 814 2215 871 aqeretur.
2235 835 2291 844 —
2314 806 2369 856 δι
2395 786 2458 854 V.
2480 805 2612 871 Dup-

590 907 645 958 p.
666 893 749 942 54.
771 911 881 960 sqq.
903 926 962 934 —
982 897 1042 958 4)
1064 898 1101 946 B
1124 899 1238 962 Cajo
1262 897 1498 948 desumtin
1529 897 1754 948 addimus
1776 897 2009 962 Dupontii
2035 897 2117 961 (p.
2142 891 2254 952 55.)
2282 888 2576 944 sententiam
2602 927 2619 958 ,

590 994 683 1045 per
703 982 920 1047 pignoris
945 987 1200 1051 capionem
1224 1003 1304 1036 re·
1326 1003 1427 1036 non
1449 988 1517 1037 ita
1540 1001 1645 1037 esse
1677 987 2006 1053 apprehensas
2024 1022 2040 1049 ‚
2075 989 2133 1034 u‘t
2153 984 2318 1033 statim
2340 983 2618 1033 venderen-

590 1074 677 1118 tur
692 1107 709 1131 ‚
730 1072 815 1121 sed
838 1080 893 1122 ut
913 1075 1106 1139 pignori
1128 1076 1459 1140 haberentur,
1484 1076 1644 1126 donec
1665 1078 1873 1140 Praetor,
1891 1079 2045 1144 juste,
2068 1091 2162 1125 neo
2184 1091 2248 1124 ne
2269 1078 2439 1124 notoni
2460 1077 2616 1137 esset,

589 1159 838 1208 statuisset
852 1174 869 1225 5
910 1165 1228 1228 comprobata
1249 1171 1414 1214 autem
1436 1181 1464 1215 a
1494 1167 1713 1216 Pretore
1735 1167 1953 1231 pignoris
1980 1166 2214 1231 capione,
2253 1164 2292 1212 si
2332 1178 2434 1211 non
2456 1162 2621 1211 lueret

590 1247 787 1298 debitor
803 1288 820 1314 ,
842 1252 1076 1303 institutis
1099 1257 1160 1304 ad
1180 1257 1397 1320 pignoris
1416 1259 1657 1324 cujusque
1677 1259 2047 1307 distractionem
2071 1256 2297 1306 formulis
2318 1249 2615 1324 observatis,

586 1338 728 1403 §unu
746 1343 1057 1407 maimun-
1074 1346 1251 1413 pignu·
1269 1348 1471 1414 publice
1488 1348 1862 1400 venumdatum.
1882 1347 1958 1397 cs.
1988 1347 2132 1397 Pani.
2165 1347 2371 1412 accept.
2406 1343 2532 1396 sene
2545 1343 2580 1394 2
2599 1378 2617 1410 ,

594 1427 629 1478 5
646 1465 666 1495 ,
704 1429 754 1483 1.

651 1587 659 1594 ·
684 1563 895 1638 271³!-
947 1575 1022 1641 In
1041 1577 1187 1663 jure
1209 1579 1469 1666 agendi,
1493 1604 1682 1669 quam
1702 1581 1830 1647 hue
1855 1605 2049 1669 usque
2069 1579 2423 1666 attigimus,
2445 1576 2620 1659 ratio,
2697 1592 2711 1603 ·

592 1686 817 1772 partim
833 1737 850 1771 ,
875 1701 942 1753 ut
972 1713 1112 1758 vero
1134 1694 1370 1778 simile,
1407 1697 1731 1761 constituta
1765 1696 2039 1782 primurn
2065 1695 2203 1780 lege
2225 1687 2346 1757 XII
2367 1688 2624 1756 tabula-

595 1799 760 1883 rum,
788 1802 1004 1886 partim
1029 1826 1063 1867 e
1085 1807 1287 1891 priore
1308 1830 1433 1874 aevo
1458 1810 1522 1874 in
1546 1809 1657 1874 has
1685 1821 1944 1896 recepta,
1970 1809 2104 1873 aliis
2130 1829 2378 1895 quoque
2403 1803 2623 1869 exinde

597 1909 840 1998 legibus
879 1928 1054 1981 aucta
1097 1921 1393 1988 cernitur.
1438 1921 1559 1986 Sed
1602 1924 1679 1987 ab
1715 1921 1829 1986 hac
1874 1922 2141 2005 ratione,
2186 1923 2336 2007 quas
2380 1917 2621 2003 proprie

598 2033 886 2094 vocamus
910 2077 929 2112 ,
975 2032 1138 2120 leqae'e
1185 2037 1475 2100 actiones
1517 2034 2118 2121 comprehendente,
2167 2028 2617 2117 distinguendae

599 2151 743 2206 sunt
789 2145 1114 2229 posteriore
1149 2157 1324 2212 aetate
1363 2171 1399 2212 a
1434 2149 1799 2213 Praetoribus
1838 2148 2106 2212 inductae
2128 2197 2144 2230 ,
2180 2144 2469 2232 legitimis
2510 2161 2619 2226 per

597 2255 946 2344 fictionem,
991 2262 1160 2327 unde
1202 2262 1443 2327 fictitias
1469 2273 1638 2327 vocat
1678 2260 1931 2347 Dupont
1979 2258 2077 2349 l),
2120 2258 2462 2323 assimilata}
2507 2250 2618 2342 2),

599 2391 752 2459 quas
777 2374 855 2438 ab
885 2376 1004 2440 illis
1039 2399 1322 2463 separans
1355 2377 1541 2461 Cajus
1562 2426 1580 2462 ,
1614 2381 1672 2461 1,
1702 2379 1780 2441 10
1806 2426 1823 2459 ,
1854 2373 1932 2439 ad
1973 2374 2125 2461 legis
2165 2373 2471 2439 actionem
2513 2385 2624 2434 ex·

600 2512 861 2575 pressas,
902 2513 1022 2556 nro
1052 2515 1161 2557 sua
1197 2492 1254 2556 vi
1277 2514 1348 2556 ae
1372 2502 1697 2578 potestate,
1736 2502 1806 2555 ut
1837 2490 2128 2577 legitimas
2164 2487 2392 2553 scilicet
2411 2534 2430 2569 ,
2462 2488 2627 2549 eon-

602 2613 825 2667 stantes
860 2601 1136 2668 definivit
1161 2602 1250 2697 3).
1288 2596 1580 2670 Praetores
1622 2606 1787 2670 enim
1815 2654 1832 2688 ‚
1872 2604 2060 2690 idque
2103 2601 2128 2692 (
2144 2604 2205 2687 §.
2238 2593 2427 2684 193.)
2466 2597 2627 2683 juris

601 2716 986 2802 corrigendi,
1012 2740 1172 2801 non,
1213 2719 1395 2803 cujus
1426 2718 1703 2783 criminis
1742 2716 2036 2781 immeriti
2065 2711 2231 2798 apud
2262 2711 2627 2776 recentiores

599 2841 978 2915 arguuntur,
1019 2832 1456 2918 corrumpendi
1499 2832 1706 2897 animo
1733 2827 1842 2920 4),
1880 2853 2036 2896 nova
2077 2827 2289 2893 edictis
2328 2824 2450 2890 suis
2488 2824 2628 2887 im-

508 2938 519 2956 ’
600 2943 979 3027 miscebant,
1021 2944 1105 3009 ita
1132 2956 1374 3029 tamen,
1408 2969 1595 3032 quam
1619 2948 1694 3010 iis
1717 2947 1981 3032 populus
2007 2967 2135 3010 esse
2167 2946 2481 3025 voluerat,
2503 2958 2631 3027 po—

600 3068 812 3122 testate
836 3068 1105 3141 utentes,
1134 3069 1198 3122 ut
1214 3108 1231 3143 ,
1255 3081 1450 3145 quum
1471 3081 1503 3121 a
1521 3059 1669 3143 jure
1687 3107 1703 3139 ,
1726 3059 1967 3144 legibus
1988 3059 2343 3140 constitum,
2366 3034 2628 3136 abirent,

604 3173 869 3257 speeiem
896 3174 1110 3259 utique
1135 3185 1383 3239 servatae
1406 3173 1785 3258 antiquitatis
1811 3174 2230 3260 relinquerent
2245 3197 2263 3256 3
2287 3183 2471 3258 atque
2492 3168 2631 3254 hoc,

601 3287 886 3372 plurimis
930 3288 997 3350 in
1041 3287 1170 3372 ipso
1201 3288 1346 3373 jure
1405 3309 1656 3351 romano
1695 3289 1986 3375 exemplis
2036 3299 2291 3370 notum,
2329 3286 2403 3349 iis
2445 3285 2632 3349 etiam

604 3400 1027 3485 confirmatur,
1050 3423 1189 3489 quae
1211 3403 1289 3468 de
1312 3403 1546 3467 fictitiis*
1569 3404 1911 3468 actionibus
1932 3405 1998 3467 in
2027 3404 2162 3488 CaJ'i
2187 3394 2633 3468 commentario

606 3529 963 3603 supersunt3
994 3540 1138 3581 nam
1183 3541 1318 3604 pars
1358 3528 1611 3604 eorum,
1637 3524 1809 3606 quin,
1843 3542 1970 3584 non
2015 3518 2349 3584 admodum
2393 3516 2588 3580 multa
2616 3564 2635 3599 ,

607 3628 685 3695 de
723 3631 839 3697 hoc
870 3643 1236 3719 argumento
1281 3632 1548 3717 dixerat,
1590 3633 1657 3697 in
1695 3633 1909 3699 codice
1945 3633 2073 3718 legi
2116 3654 2239 3696 non
2284 3627 2499 3715 potuit.
2531 3628 2635 3693 sic

608 3745 759 3810 adeo
782 3747 845 3811 in
890 3748 1122 3811 ratione
1158 3769 1404 3835 quoque
1421 3747 1568 3832 jure
1602 3748 1827 3835 agendi
1858 3748 2148 3811 facientes
2169 3794 2186 3829 ,
2210 3732 2502 3808 Praetores
2523 3754 2633 3806 aut

609 3881 763 3925 nova
779 3910 798 3945 ,
831 3860 936 3925 sed
957 3863 1110 3949 legis
1139 3862 1357 3927 iisdem
1381 3862 1461 3928 de
1485 3863 1666 3927 rebus
1689 3862 2033 3928 actionibus
2057 3859 2392 3924 adsimilata
2410 3908 2428 3943 ,
2455 3856 2641 3922 indu-

612 3973 866 4061 cebant,
888 3988 995 4041 aut
1028 3978 1296 4043 actiones
1328 3972 1500 4044 nulla
1539 3979 1879 4043 mutatione
1920 3975 1997 4040 ad
2038 3975 2193 4040 alias
2224 3980 2323 4040 r‘es
2344 4025 2361 4059 ,
2406 3986 2593 4061 quam
2619 4020 2638 4055 ,

612 4089 840 4181 quihus
873 4090 1126 4182 proditas
1163 4104 1373 4180 erant,
1411 4091 1766 4176 trahebant,
1802 4098 1911 4158 aut
1945 4096 2342 4178 personarum
2378 4093 2597 4155 statum
2621 4135 2641 4171 ‚
