3111 4829
706 402 817 445 xv!
1107 416 1118 426 ⁶
1569 395 1644 441 1³11
1652 397 1908 443 nuno.

706 516 1048 599 rarissime,
1088 538 1244 600 nec,
1288 516 1406 580 nisi
1449 501 1647 602 quum
1690 514 1832 579 libri
1877 517 2139 602 alicujus
2175 520 2330 583 forte
2375 521 2548 607 copia
2582 544 2713 587 non

706 629 989 711 daretur,
1021 610 1407 692 ‘locumnon
1457 627 1885 711 percognitum
1936 629 2273 695 citavimus,
2319 612 2453 716 Ipse
2506 636 2713 698 autem

656 764 659 767 ‘
704 748 977 810 locorum
1003 766 1036 807 e
1058 743 1290 827 copiosa
1316 756 1481 824 *saepe
1508 740 1815 824 farragine
1842 739 2112 804 delectus
2153 764 2297 806 cum
2342 743 2582 809 taediosa
2619 768 2715 809 res

664 884 671 911 ·.
705 870 823 941 est,
855 868 988 921 tum
1011 877 1133 920 non
1160 875 1355 939 parvae
1381 852 1790 935 difficultatis;
1826 874 1941 917 nec
1968 865 2055 916 est
2076 854 2412 940 quidquam
2454 856 2531 921 ad
2574 868 2711 924 eam

702 992 833 1035 rem
869 968 1064 1052 magis
1093 964 1497 1028 necessarium
1534 963 1926 1048 profundiore
1969 964 2229 1050 linguae,
2258 988 2378 1051 qua
2417 968 2711 1052 scriptum

663 1105 665 1108 ⁴
701 1104 853 1167 opus
872 1071 1279 1158 consulimuS‚
1312 1076 1677 1161 cognitione.
1704 1075 1882 1155 Quod
1918 1077 2150 1143 utinam
2183 1099 2534 1160 persuasum
2559 1088 2710 1144 omi-

642 1276 645 1281 1
701 1195 883 1260 nibus
910 1202 1095 1273 esset,
1135 1191 1240 1277 qui
1273 1190 1340 1252 in
1363 1189 1724 1274 antiquitate
1747 1189 2103 1254 illustranda
2127 1202 2504 1275 occupantur
2530 1190 2543 1254 l
2574 1193 2710 1256 Ab-

656 1320 660 1329 ’
701 1308 992 1371 stincrent
1014 1306 1280 1390 profecto
1304 1303 1573 1389 plurimi
1596 1326 1632 1368 a
1670 1302 1989 1367 scribendo
2008 1352 2024 1385 ,
2048 1302 2243 1368 donec
2272 1302 2335 1367 id
2366 1314 2707 1390 parassent,

700 1443 821 1508 quo
862 1430 1304 1485 carentes'ncc
1351 1417 1630 1481 doctrina
1683 1418 1809 1482 ulla
1855 1440 1970 1481 nec
2021 1418 2274 1504 ingenio
2314 1420 2452 1482 satis
2492 1443 2705 1485 cavere

664 1562 667 1563 ⁷
698 1546 946 1622 possunt
971 1584 989 1618 ,
1020 1556 1098 1598 ne
1137 1554 1367 1598 errores
1400 1532 1708 1597 erroribus
1750 1533 2090 1596 cumulent.
2138 1534 2353 1598 Nullus
2387 1535 2556 1598 enim
2585 1519 2704 1600 hec

696 1650 922 1735 largior
973 1669 1250 1713 errorum
1293 1648 1470 1728 fons3
1517 1656 1580 1709 et
1612 1647 1977 1731 experientia
2009 1658 2206 1711 nostra
2256 1659 2429 1712 aetate
2454 1649 2704 1714 abunde

652 1791 658 1802 ·
696 1764 899 1849 docet,
924 1776 1239 1850 postquam
1261 1763 1447 1827 moris
1466 1784 1591 1826 esse
1613 1762 1825 1845 coepit,
1854 1761 2018 1847 quod
2042 1762 2189 1825 clari
2217 1764 2279 1825 in
2306 1774 2577 1826 veterum
2597 1764 2706 1827 lit-

695 1877 838 1940 teris
857 1876 974 1939 viri
997 1876 1239 1939 nonnisi
1264 1876 1503 1960 ingenti
1523 1873 1821 1939 industria
1843 1875 2129 1956 assecuti,
2146 1874 2210 1938 id
2228 1875 2705 1940 adolescentulos

694 1990 989 2076 praecipiti
1011 1990 1183 2075 quasi
1209 1990 1410 2052 volatu
1440 2010 1502 2052 se
1532 1998 1833 2052 assecutos
1869 1986 2178 2051 confidere
2203 1986 2322 2077 (²¹²).
2350 1988 2509 2052 Hinc
2540 1989 2699 2074 illae,

648 2146 649 2149 =
691 2125 817 2167 non
839 2102 1106 2167 lacrimae
1129 2150 1146 2184 ,
1179 2100 1285 2165 sed
1310 2101 1648 2165 tenebrosae
1680 2101 1943 2186 ineptiae.
2011 2103 2025 2123 s
2109 2110 2112 2113 ’

775 2217 1107 2302 Scriptores
1129 2225 1312 2302 porro
1345 2213 1421 2279 de
1446 2214 1910 2300 antiquitatibus
1931 2217 2227 2281 Romanis
2256 2216 2419 2304 quod
2448 2218 2702 2302 attinet,

646 2358 649 2363 ·
687 2331 993 2414 classicos„
1023 2339 1084 2393 et
1125 2329 1377 2393 omnino
1419 2339 1689 2411 veteres,
1722 2329 1935 2417 linqua
1971 2332 2157 2396 latina
2187 2354 2362 2416 usoS,
2408 2333 2590 2418 capiti
2620 2332 2700 2397 de

686 2445 898 2507 litteris
938 2443 964 2532 (
987 2445 1045 2527 §.
1082 2440 1275 2528 409.)
1316 2444 1690 2507 inseruimus
1712 2468 1730 2525 3
1773 2444 2016 2509 Graecos
2051 2448 2441 2531 paucissimos
2488 2447 2699 2510 citasse

686 2556 824 2619 satis
846 2553 1211 2637 habuimus3
1236 2555 1352 2617 nisi
1383 2554 1546 2640 quod
1569 2553 1784 2618 iisdem
1808 2557 2307 2620 adnumerandus
2333 2555 2701 2623 Laurentius

684 2669 915 2756 LyduS,
935 2669 1094 2732 inter
1116 2669 1431 2753 scriptores
1454 2667 1530 2732 de
1552 2668 2005 2754 magistratibus
2027 2670 2086 2751 §.
2117 2674 2261 2734 183.
2291 2681 2662 2736 memoratus
2678 2722 2697 2757 ,

684 2784 882 2849 malus
899 2782 1149 2870 quidem
1168 2783 1303 2866 ille,
1327 2782 1376 2846 si
1392 2783 1529 2868 quis
1550 2783 1706 2846 alius
1721 2831 1738 2866 ‚
1752 2792 1964 2847 auctor
1991 2779 2130 2872 (³⁶⁴³)
2155 2834 2170 2867 ,
2192 2796 2252 2849 at
2283 2785 2462 2869 cujus
2484 2795 2695 2853 tamen

748 2996 816 3061 (Ἴ
856 2994 1043 3043 sustiu-
1076 2993 1229 3043 etiam
1268 2992 1494 3041 ridentur
1528 2990 1742 3056 turpiter
1778 3007 1830 3041 se
1866 2993 2037 3043 dantes
2072 2996 2289 3044 seniores
2309 3031 2325 3058 ‚
2350 3012 2506 3059 quum
2538 2999 2696 3049 latina

682 3089 751 3137 ita
771 3123 788 3150 ,
811 3091 868 3135 ut
908 3101 1082 3150 parum
1117 3083 1382 3148 profecisse
1410 3119 1426 3147 ‚
1462 3083 1635 3131 Graeca
1673 3099 1789 3131 vero
1826 3083 1896 3132 ita
1931 3085 2321 3149 interpretantur
2339 3124 2354 3148 ,
2397 3091 2451 3135 ut
2490 3093 2655 3151 pateat
2678 3129 2695 3155 ‚

681 3179 734 3226 in
770 3177 937 3226 lexicis
973 3176 1122 3224 verba
1157 3189 1382 3238 quaerere
1419 3188 1501 3220 eos
1532 3173 1708 3236 utique
1754 3173 2000 3223 didicisse.
2044 3175 2281 3238 Scilicet,
2321 3176 2443 3223 illud
2493 3192 2696 3240 quoque

680 3267 799 3315 hinc
834 3264 1057 3314 accidere
1096 3262 1343 3312 interdum
1363 3298 1379 3325 ,
1416 3278 1614 3311 necesse
1636 3299 1652 3325 ‚
1689 3267 1747 3311 ut
1776 3263 2000 3313 homines
2037 3280 2138 3312 non
2172 3265 2326 3314 dubia
2361 3267 2537 3313 mentis
2560 3267 2694 3316 sani-

676 3359 779 3406 tate
816 3355 1096 3419 linguarum
1131 3350 1354 3417 peritiori
1382 3353 1486 3416 jam
1510 3352 1565 3399 iu
1587 3350 2013 3402 hermotimianam
2049 3356 2365 3420 procliviores
2399 3356 2680 3404 videantur.

745 3446 839 3509 (⁸⁴)
874 3444 1029 3506 Quam
1056 3443 1120 3492 ob
1152 3458 1258 3491 rem
1287 3458 1386 3490 non
1417 3441 1582 3491 minus
1609 3443 1733 3491 mihi
1764 3444 2037 3493 cavendum
2070 3452 2199 3511 εει-αι,-
2228 3461 2288 3492 ne
2312 3449 2386 3491 tot
2406 3443 2527 3508 Lydi
2550 3460 2692 3493 erro-

677 3537 816 3586 ribus
844 3533 1032 3599 aliquid
1058 3533 1260 3596 insuper
1286 3531 1612 3595 adfingerem:
1641 3533 1776 3596 quod
1809 3533 1860 3581 in
1883 3534 1998 3582 libri
2021 3535 2069 3582 2.
2092 3531 2136 3601 ξ.
2171 3534 2220 3582 1.
2249 3549 2328 3580 mc
2350 3532 2553 3596 secisse,
2578 3549 2691 3582 sero

679 3625 1025 3691 animadvertig,
1048 3623 1164 3687 uhi,
1184 3623 1238 3671 in
1267 3622 1508 3686 Epistola
1535 3624 1607 3671 ad
1631 3623 1893 3689 Hasium,
1921 3623 2129 3672 Marium
2157 3638 2272 3670 cum
2301 3622 2405 3670 filio
2433 3622 2539 3687 ejus
2572 3639 2693 3674 con-

676 3727 841 3774 fusum
864 3762 881 3788 ‚
923 3731 1058 3777 recte
1102 3724 1366 3790 adnotavi3
1401 3726 1542 3791 cujus
1584 3741 1763 3791 corpus
1802 3727 1856 3775 in
1890 3726 2046 3776 frusta
2082 3725 2276 3790 (Lydus
2302 3715 2374 3775 εἷς
2419 3708 2690 3795 τεμάχη)

628 3857 633 3864 ,
675 3814 932 3865 concisum
955 3831 1058 3865 esse
1079 3831 1236 3879 quum
1262 3820 1380 3864 nota
1401 3831 1481 3864 res
1501 3815 1566 3864 sit
1581 3850 1598 3880 ,
1621 3816 1745 3865 ratio
1779 3832 1880 3865 non
1902 3814 2225 3879 suppetebat,
2250 3832 2342 3866 cur
2363 3817 2460 3866 hoc
2487 3833 2691 3882 qnoque

672 3902 971 3966 supplicium
1005 3920 1171 3955 errore
1202 3905 1324 3970 Lydi
1356 3905 1419 3955 ab
1453 3906 1552 3955 alio
1575 3906 1822 3969 quodam,
1846 3905 1899 3953 in
1933 3905 2086 3955 frusta
2124 3906 2354 3970 conciso,
2385 3908 2449 3957 ad
2480 3910 2691 3959 Marium

673 3993 963 4045 translatum
983 3994 1273 4058 suspicarer.
1298 3996 1468 4058 Neque
1488 4011 1606 4043 vero
1623 4031 1638 4057 ‚
1657 3995 1786 4044 libro
1811 3994 1860 4043 1.
1884 3990 1928 4060 §.
1953 3994 2017 4042 52
2034 4031 2051 4057 ‚
2074 3996 2281 4046 Atilium
2304 3997 2548 4060 Regulum
2570 4015 2688 4048 cnm

674 4083 734 4146 Q.
747 4082 1035 4132 Cincinnato
1047 4082 1338 4148 confusum,
1352 4089 1487 4132 recte
1500 4084 1669 4134 monui
1684 4120 1699 4148 ‚
1712 4099 1868 4146 quum
1878 4083 2083 4139 Atilium
2094 4085 2362 4136 Serranum
2373 4089 2391 4153 (
2403 4087 2464 4137 V.
2479 4084 2524 4154 §.
2539 4087 2634 4135 492’
2643 4124 2654 4136 .
2669 4092 2686 4150 )
