3111 4829
1562 364 1587 442 (
1625 360 1705 421 72
1745 357 1769 442 )

664 489 984 557 Christiani
1028 490 1350 573 dixerunt,
1404 512 1554 576 quos
1601 491 1887 555 ethnicae
1929 511 2174 578 quoquo
2223 502 2282 554 et
2323 493 2598 581 qeneilee
2631 539 2657 567 ,

664 616 868 690 utpote
918 606 980 669 in
1026 605 1228 693 pagis,
1283 602 1602 668 interdicto
1643 604 1773 688 jam
1823 602 2130 693 idolorum
2174 606 2347 670 cultu
2372 654 2389 688 ‚
2438 606 2658 671 furtim

662 743 770 786 sua
810 743 976 787 sacra
995 769 1013 804 ‚
1053 720 1328 802 minore,
1364 739 1551 803 quam
1590 718 1656 780 in
1701 716 1853 781 urbe
1878 766 1896 801 ‚
1941 717 2213 803 periculo
2261 718 2659 785 celebrantes.

725 878 776 943 1)
799 879 873 928 Cs.
891 879 995 927 Liv.
1018 878 1050 927 5
1064 913 1082 942 ,
1106 877 1187 926 52.
1206 875 1330 940 —2)
1351 875 1494 924 Heia.
1518 878 1658 939 App.
1673 876 1756 925 70.
1779 877 1908 925 Fest.
1926 878 1977 925 in
1995 878 2203 941 publica
2217 895 2238 927 .·
2255 878 2469 928 Publica
2487 896 2661 946 saera,

659 988 773 1036 quoe
792 971 994 1034 publico
1013 976 1186 1017 sumtu
1202 984 1298 1031 pro
1316 969 1508 1032 populo
1526 970 1690 1032 fiunt,
1712 983 1923 1033 qumque
1939 986 2035 1033 pro
2057 970 2310 1018 montibus
2325 1005 2343 1033 ,
2364 973 2513 1034 μσςὴ
2530 1006 2546 1033 ,
2564 986 2665 1020 eu-

657 1063 771 1124 n‘is,
792 1060 985 1109 saecu&
995 1077 1015 1117 ,-
1031 1065 1085 1106 at
1098 1059 1304 1122 privato
1315 1092 1333 1121 ‚
1357 1074 1471 1121 quoe
1483 1073 1580 1120 pro
1597 1059 1817 1121 sinquhzs
1834 1058 2122 1113 luminibus
2134 1094 2151 1123 ‚
2164 1057 2414 1128 familiis,
2431 1060 2668 1124 gentibus

656 1151 810 1212 fiune.
830 1177 889 1185 —
909 1147 971 1212 ὅ)
1008 1146 1083 1195 Cf.
1101 1146 1257 1195 Varro
1273 1147 1333 1194 de
1354 1146 1416 1195 L.
1441 1146 1502 1195 L.
1527 1146 1578 1196 5.
1599 1163 1650 1211 p.
1671 1144 1751 1195 49.

749 1293 854 1353 79.
887 1290 978 1352 De
1009 1289 1190 1352 sacris
1216 1288 1463 1373 privatis
1487 1299 1752 1372 constat,
1785 1290 2040 1375 singulis
2064 1290 2346 1376 gentibus
2376 1288 2460 1379 (5.
2488 1290 2628 1378 80.)
2646 1340 2665 1375 ,

664 1424 801 1488 quae
823 1400 901 1465 ab
924 1400 1342 1486 antiquissimo
1365 1402 1579 1466 Romae
1600 1413 1869 1488 tempore
1893 1403 2148 1489 singulis
2169 1405 2352 1469 curiis
2368 1404 2450 1491 (§.
2481 1404 2664 1493 142.)

661 1524 833 1581 certo
889 1535 1143 1578 numero
1196 1512 1652 1599 comprehensae
1699 1525 1993 1600 putantur
2015 1562 2033 1598 ,
2089 1518 2331 1603 propria
2379 1516 2665 1603 quaedam

658 1649 823 1692 sacra
875 1626 1059 1690 fuisse
1085 1673 1103 1708 ‚
1145 1625 1226 1689 ob
1265 1647 1400 1689 eam
1461 1648 1592 1690 rem
1644 1627 1942 1712 gentilitia
1984 1626 2283 1713 adpellata
2307 1680 2325 1714 ‚
2369 1643 2665 1697 caeterum

655 1738 1097 1825 religiosissime
1139 1737 1444 1802 observata
1488 1736 1594 1824 l);
1633 1761 1897 1824 quorum
1938 1762 2246 1806 sacrorum
2279 1742 2430 1808 adeo
2459 1766 2667 1809 sacer-

652 1851 820 1914 dotes
858 1872 895 1914 a
931 1848 1175 1913 familiis
1216 1849 1321 1913 alti
1367 1861 1786 1913 memorantur
1818 1848 1910 1937 2).
1953 1847 2183 1915 Eadem
2212 1863 2502 1938 perpetua
2529 1876 2665 1947 csse

645 1963 904 2048 jubebat
944 1963 1037 2027 lex
1075 1962 1195 2026 XII
1230 1962 1418 2027 Tabb.
1469 1959 1571 2048 3);
1617 1974 1678 2027 et
1711 1986 1852 2027 vero
1892 1973 2187 2049 tanquam
2225 1965 2389 2030 bona
2435 1965 2516 2030 ad
2540 1965 2666 2032 he-

649 2076 823 2142 redes
865 2074 1204 2162 eodemque
1244 2076 1635 2140 successionis
1667 2099 1810 2161 Jure
1858 2077 2379 2143 transferebantur
2408 2076 2495 2168 (§.
2534 2077 2662 2167 8.);

650 2188 818 2254 unde
862 2187 1086 2275 pendet
1129 2188 1519 2273 proverbium
1579 2190 1915 2256 hereditas
1959 2194 2103 2257 eine
2158 2195 2376 2257 sacris
2425 2190 2515 2281 4).
2562 2192 2668 2257 Ad

652 2326 816 2369 saera
862 2302 1085 2388 privata
1122 2302 1307 2367 etia-m
1346 2302 1564 2369 referri
1596 2302 1822 2388 possint
1864 2306 2093 2392 proprii
2131 2305 2386 2392 singulis
2422 2305 2664 2371 civibus

648 2419 804 2482 lares
838 2417 862 2504 (
876 2421 935 2503 ς.
968 2411 1183 2502 314.),
1216 2414 1546 2480 domestica
1582 2418 1842 2483 numina
1883 2414 1972 2505 5).
2011 2420 2369 2505 Peregrinus
2395 2419 2666 2506 religio—

648 2550 789 2609 nes,
825 2528 948 2593 sive
970 2550 1008 2592 a
1044 2527 1301 2611 singulis
1326 2527 1448 2590 sive
1478 2538 1643 2592 eoetu
1672 2529 1864 2593 cultas
1883 2578 1900 2612 ,
1926 2531 2265 2616 antiquitus
2286 2533 2425 2617 lege
2456 2533 2670 2599 vetitas

647 2643 876 2724 fuisse,
932 2662 967 2704 e
1026 2639 1191 2703 Livio
1253 2637 1542 2702 discimus
1585 2636 1694 2725 6);
1749 2639 1850 2702 sed
1909 2662 1944 2704 e
1989 2609 2667 2726 municipiiszomam

647 2755 980 2840 migrantes
1019 2751 1241 2838 patrios
1280 2752 1432 2816 ritus
1475 2751 1789 2817 servabant
1811 2750 1917 2839 7),
1962 2765 2030 2818 ut
2059 2755 2368 2820 Romanos
2414 2778 2670 2844 quoque

648 2892 721 2933 ex
755 2867 906 2932 urbe
949 2866 1112 2928 missi
1156 2865 1374 2929 coloni.
1420 2864 1761 2948 Caeterum,
1795 2887 1998 2930 severa
2036 2868 2220 2931 etiam
2259 2890 2502 2933 morum
2533 2869 2671 2936 dis-
2773 2937 2782 2938 ff

648 2982 915 3068 ciplina,
961 3001 1111 3043 nova
1168 2989 1375 3042 tamen
1433 2999 1598 3042 sacra
1636 2981 1812 3059 jussu
1856 2989 2096 3042 senatus
2140 2979 2389 3045 inducta
2415 3031 2431 3064 ,
2478 2982 2544 3046 in
2591 2985 2673 3050 iis

646 3096 985 3181 ‘AEsculapii
1030 3093 1095 3180 8)
1139 3092 1445 3179 Epidauro
1469 3142 1484 3173 ,
1544 3103 1606 3154 et
1662 3091 1912 3178 Cybeles
1951 3115 1985 3156 c
2029 3091 2290 3181 Phrygia
2337 3097 2523 3182 petita
2568 3098 2666 3188 9).

650 3213 931 3276 Extrema
968 3217 1174 3270 autem
1227 3204 1502 3269 libertate
1526 3253 1542 3285 ,
1597 3214 1658 3267 et
1715 3203 1829 3267 sub
1875 3204 2206 3270 Caesaribus
2260 3208 2524 3293 plurima
2592 3235 2670 3278 ex

650 3322 1116 3409 AEgyptiorum,
1152 3329 1221 3382 ut
1260 3316 1564 3403 Serapidis
1590 3365 1607 3400 ,
1640 3316 1919 3401 Anubis,
1951 3328 2012 3382 et
2044 3319 2324 3406 inprimis
2358 3322 2670 3393 celebrata

647 3437 822 3503 Isidis
854 3430 948 3525 (§.
981 3434 1161 3520 306.)
1206 3453 1370 3497 sacra
1423 3429 1571 3516 10),
1617 3431 1811 3496 multa
1856 3432 2106 3518 insuper
2150 3455 2185 3497 e
2235 3432 2670 3504 Chaldaeorum

654 3565 713 3618 et
749 3554 783 3616 J
790 3551 1099 3616 udaeorum
1133 3546 1568 3633 religionibus3
1598 3544 1866 3633 denique
1903 3545 2206 3633 quidquid
2248 3546 2315 3609 in
2344 3546 2490 3611 orbe
2521 3558 2671 3614 ter—

654 3689 862 3731 rarum
901 3662 1335 3750 superstitionis
1374 3662 1637 3725 Romam
1677 3661 1988 3725 confluere
2028 3660 2224 3723 visum
2260 3656 2390 3748 11).

720 3827 768 3892 1)
797 3826 873 3873 Cs.
890 3827 995 3874 Liv.
1015 3826 1077 3890 5,
1103 3825 1165 3874 46
1183 3829 1235 3873 et
1252 3823 1346 3888 52,
1370 3822 1587 3871 Meci-ob.
1605 3822 1713 3871 Sat.
1748 3820 1769 3868 1
1793 3858 1808 3883 ,
1831 3820 1908 3868 16.
1935 3848 1992 3857 -
2015 3820 2064 3883 2)
2086 3821 2146 3867 V.
2170 3820 2314 3869 Hein.
2338 3825 2476 3887 App.
2494 3824 2579 3874 70.
2602 3857 2667 3868 -

653 3918 704 3979 3)
731 3915 887 3964 Sacra
902 3916 1105 3976 privata
1123 3920 1364 3977 perpetuo
1385 3919 1636 3960 manento.
1661 3910 1722 3957 V.
1744 3908 1886 3956 Heia.
1910 3909 1931 3957 1
1957 3946 1973 3973 ,
1999 3907 2052 3959 11
2073 3946 2089 3973 ,
2113 3909 2158 3957 1.
2179 3938 2237 3945 -
2256 3910 2307 3975 4)
2326 3911 2488 3961 Plaut.
2507 3915 2644 3966 Trin
2662 3956 2678 3970 ,

654 4006 719 4068 ἐξ,
742 4003 801 4067 4,
834 4001 1094 4065 85,Cape.
1117 4002 1265 4065 4,1,
1288 3999 1741 4063 8.-5)nein.1‚
1779 3998 1865 4061 10,
1889 3997 1937 4046 4.
1959 3999 2088 4064 -6)
2114 3998 2171 4063 4,
2197 4000 2261 4048 50
2283 4037 2297 4062 ,
2322 4003 2509 4052 ‘datum
2543 4009 2673 4057 indo

654 4095 904 4157 neqoeium
929 4088 1195 4153 AEdilibus,
1212 4097 1269 4138 ut
1288 4089 1757 4150 animadverterent,
1778 4103 1839 4137 ne
1862 4090 1971 4152 qui,
1987 4090 2092 4138 nisi
2111 4090 2415 4155 romonidia‘,
2443 4107 2543 4142 neu
2561 4113 2669 4158 quo
