3111 4829
1487 367 1735 455 (334)

687 497 839 559 332.
888 495 1042 564 Vota
1067 544 1085 580 ,
1122 500 1406 583 precibus
1446 503 1815 591 plerumque
1836 504 2167 590 conjuncta
2191 552 2209 589 ,
2246 505 2490 592 proprie
2510 506 2615 570 in-

597 608 930 695 telligimus
948 609 1063 676 diis
1080 659 1099 696 ,
1130 614 1176 677 si
1201 637 1410 700 preces
1429 617 1755 684 exaudiant
1772 667 1791 703 ,
1831 619 1950 684 voti
1979 630 2324 706 compotem
2347 620 2574 686 faciant
2595 668 2615 702 ,

595 724 906 809 promissa.
937 727 1024 791 Ea
1052 728 1147 793 vel
1171 751 1315 796 voce
1337 741 1578 797 tantum
1603 781 1622 816 ,
1650 744 1774 798 uta
1804 732 2160 799 Christianis
2178 782 2196 819 ,
2225 734 2489 819 fiebant,
2518 736 2615 800 vel

597 838 886 923 promissa
908 887 926 922 ,
975 863 1048 906 ac
1104 864 1262 930 saepe
1320 867 1557 911 numen
1612 831 1994 933 implorantis
2036 849 2374 935 servatique
2391 897 2410 932 ,
2451 850 2623 915 velut

596 953 881 1040 naufragi
902 1002 919 1037 ‚
966 978 1139 1022 casus
1158 970 1232 1023 et
1267 960 1616 1045 periculum
1653 962 1719 1025 in
1750 963 1973 1027 tabulis
2000 963 2218 1048 scripta
2247 973 2356 1027 aut
2377 961 2617 1050 depicta

597 1065 666 1130 in
686 1068 928 1152 templis
961 1072 1522 1158 suspendebantur,
1548 1098 1689 1163 quse
1710 1076 1935 1143 tabulae
1965 1077 2178 1142 votivae
2202 1076 2497 1142 dicuntur
2526 1076 2616 1164 l).

580 1178 671 1241 *In
694 1201 811 1243 usu
831 1179 1125 1266 loquendi
1147 1185 1487 1252 notandum
1507 1190 1630 1253 voti
1650 1212 1898 1276 compos
1917 1238 1936 1273 ,
1966 1213 2139 1273 reus,
2167 1189 2493 1256 damnatus
2524 1186 2616 1278 2).

600 1290 1134 1361 consecrationem
1154 1291 1276 1371 ,hic
1311 1298 1576 1365 dicimus
1598 1351 1616 1385 ,
1649 1325 1771 1389 qua
1800 1303 1934 1369 loca
1972 1305 2180 1369 aliaeve
2223 1327 2318 1369 res
2359 1303 2614 1369 deorum

597 1408 793 1474 cultui
820 1458 838 1494 ‚
863 1431 937 1475 ac
958 1411 1125 1475 velut
1147 1412 1421 1479 dominio
1443 1413 1471 1505 (
1486 1415 1546 1499 §.
1571 1415 1723 1504 95.)
1744 1465 1762 1501 ,
1785 1417 2021 1482 solenni
2045 1416 2408 1483 coeremonia
2430 1399 2620 1481 dedi—

597 1532 817 1587 cantur
839 1522 1084 1613 (dicare
1106 1573 1124 1608 ,
1151 1525 1436 1593 dedicare
1454 1577 1474 1611 ,
1503 1551 1739 1595 sacrare
1759 1579 1777 1613 ‚
1799 1552 2155 1595 consecrare
2178 1577 2197 1612 ‚
2228 1527 2388 1619 etc.)
2420 1529 2623 1615 Hujus

596 1635 1046 1724 quodammodo
1070 1662 1299 1725 genus,
1341 1662 1482 1727 quae
1516 1654 1762 1708 vocatur
1796 1642 2035 1708 devotio
2060 1691 2077 1720 ‚
2112 1643 2245 1706 vitae
2281 1643 2622 1709 voluntaria

601 1761 802 1815 morte
839 1753 970 1817 Diis
999 1754 1283 1819 Manibus
1310 1757 1685 1822 consecratio
1710 1753 1780 1843 3)
1800 1806 1818 1842 ,
1841 1779 1962 1844 qua
2002 1755 2200 1820 hostes
2231 1756 2415 1820 simul
2443 1757 2623 1820 exitio

599 1863 896 1929 vovebant
917 1889 938 1953 3
987 1867 1153 1954 quod
1188 1869 1508 1956 proprium
1536 1871 1935 1937 execrationis
1976 1868 2067 1958 4).
2113 1870 2451 1956 Pejerantis
2477 1891 2625 1934 exe-

601 1978 875 2045 cratione
925 1980 1294 2068 plerumque
1339 1984 1691 2049 continetur
1739 1985 2164 2068 juramentum
2188 2033 2205 2067 ,
2258 1983 2627 2048 sanctissima

602 2090 716 2168 diu
763 2093 1063 2161 Romanis
1105 2098 1322 2185 religio
1359 2095 1470 2186 ⁴5),
1510 2099 1586 2164 ad
1633 2099 1816 2184 cujus
1846 2100 2036 2164 ritum
2071 2099 2335 2185 pertinet
2362 2119 2463 2162 ara
2491 2118 2629 2160 nu·-

602 2207 790 2273 minis
809 2258 827 2295 ,
859 2231 968 2296 per
1006 2212 1170 2298 quod
1208 2213 1483 2298 juratur,
1525 2224 1682 2279 tacta
1703 2261 1720 2296 ‚
1767 2213 1934 2279 unde
1968 2213 2183 2298 jurare
2229 2235 2398 2277 aram
2449 2210 2550 2301 6).
2579 2212 2631 2275 Ε

603 2325 884 2390 formulis
906 2349 1016 2413 per
1042 2330 1252 2394 Jovem
1270 2328 1537 2414 jurantis
1560 2328 1721 2394 hanc
1741 2329 1941 2394 adfert
1963 2330 2175 2395 Festus
2195 2325 2266 2418 7)
2289 2351 2305 2394 z
2331 2331 2397 2393 si
2414 2331 2634 2394 eciem

603 2437 772 2523 fallo
791 2483 816 2514 ,
884 2451 1019 2506 tum
1077 2464 1177 2507 ms
1230 2440 1574 2530 Diespiter
1618 2442 1813 2507 salva
1856 2442 2015 2508 urhe
2065 2465 2343 2531 araeque
2361 2488 2386 2517 ‚
2448 2441 2633 2505 bonis

606 2551 883 2638 ejiciat,
935 2564 1013 2637 ιρι
1055 2577 1166 2644 eqo
1193 2554 1369 2620 huno
1408 2555 1699 2643 lapidem
1718 2581 1745 2634 ‚-
1788 2555 1937 2621 hinc
1975 2557 2187 2621 Jovem
2225 2554 2490 2641 lapidem
2517 2553 2632 2638 ju-

606 2686 744 2728 rare
798 2663 907 2752 8);
946 2665 1023 2731 de
1056 2668 1193 2733 aliis
1219 2670 1301 2736 cf.
1329 2670 1535 2735 Livius
1566 2672 1746 2756 XXI,
1781 2674 1900 2754 45,
1942 2671 2120 2737 XXII
2140 2718 2157 2753 ,
2187 2675 2292 2735 53.
2335 2667 2633 2733 Lustratio

610 2772 994 2867 (5145),
1031 2780 1327 2848 sacrificio
1353 2832 1370 2867 ‚
1404 2783 1589 2849 ducta
1628 2784 1867 2850 circum
1912 2805 2042 2848 rem
2080 2779 2459 2847 lustrandam
2490 2779 2635 2844 vic-

607 2890 756 2957 tima
781 2941 798 2976 ,
829 2905 1143 2980 constans,
1187 2906 1248 2960 et
1295 2897 1578 2982 placandi
1623 2893 1959 2988 (expiatio)
2003 2907 2065 2962 et
2098 2892 2468 2982 implorandi
2508 2915 2636 2957 nu-

609 3008 795 3071 minis
821 3009 1010 3095 gratia
1031 3058 1049 3094 ,
1070 3021 1131 3074 et
1150 3011 1400 3097 publice
1415 3023 1477 3076 et
1496 3013 1780 3098 privatim
1798 3060 1815 3095 ,
1835 3012 2061 3079 fiebat:
2096 3009 2370 3076 lustratio
2397 3007 2641 3095 populi,
2682 3088 2691 3095 ·

609 3120 780 3184 urbis
806 3118 915 3209 9),
937 3146 1228 3210 agrorum
1256 3173 1275 3210 ,
1301 3124 1673 3191 ambarvalia
1699 3123 1799 3215 (§.
1835 3120 2031 3211 323.)
2052 3172 2069 3207 ,
2091 3144 2392 3210 pagorum
2410 3170 2428 3205 ,
2457 3142 2635 3187 exer-

609 3234 801 3320 citus,
831 3237 1064 3322 elassis,
1096 3248 1213 3304 etc.
1345 3298 1350 3303 .

688 3348 739 3413 1)
764 3348 879 3397 Tib.
904 3349 963 3412 1,
987 3350 1049 3414 3,
1074 3351 1138 3400 27
1157 3388 1174 3415 ,
1200 3351 1359 3402 Nunc
1380 3353 1503 3419 dea,
1529 3369 1669 3403 nunc
1684 3353 2099 3411 succummilss}
2120 3347 2643 3415 ηαωροσεσπιοᾶθῆ,

604 3440 748 3504 picta
765 3439 905 3487 docet
922 3441 1120 3504 templis
1134 3442 1298 3491 multa
1316 3442 1496 3492 tabella
1511 3444 1634 3491 euis.
1646 3441 1728 3490 Cf.
1748 3439 1856 3490 Cic.
1868 3442 1929 3490 de
1946 3440 2019 3490 Ν.
2033 3437 2268 3504 ὒ.δ,37,
2280 3439 2398 3487 Hor.
2414 3435 2540 3485 odd
2552 3471 2568 3498 ,
2582 3434 2638 3496 5,

609 3527 696 3595 13,
715 3528 896 3578 Juven.
917 3528 999 3594 12,
1016 3529 1100 3578 27.
1119 3530 1278 3580 Aliter
1289 3534 1434 3596 picta
1450 3539 1742 3596 tempestas,
1762 3529 1833 3580 id.
1856 3527 1947 3595 M,
1971 3527 2089 3579 800.
2108 3557 2168 3567 -
2195 3528 2247 3592 2)
2270 3526 2345 3577 Cr.
2361 3525 2500 3586 Virg.
2518 3522 2642 3573 AEn.

612 3617 681 3683 5,
702 3618 798 3669 237
817 3657 833 3684 ‚
855 3620 1073 3669 macrob.
1092 3620 1144 3686 5,
1170 3623 1289 3671 9.-
1309 3622 1584 3686 3)Cf.1.iv.
1609 3622 1661 3687 5,
1680 3619 1834 3687 ⁴1,7,
1857 3620 1908 3685 o,
1930 3618 1981 3685 s,
2011 3618 2169 3682 9,1o,
2191 3613 2402 3675 εει-4)
2426 3613 2502 3661 cr.
2520 3612 2640 3660 San.

615 3708 727 3759 Cat.
760 3710 854 3775 22,
882 3710 989 3760 Liv.
1029 3711 1129 3774 26,
1153 3712 1248 3777 25,
1283 3712 1404 3762 Tac.
1434 3715 1580 3763 Ann-
1605 3710 1935 3777 4‚15.-5)
1964 3709 2041 3758 Cf.
2068 3706 2219 3758 Lini
2249 3742 2266 3766 ‚
2307 3701 2407 3767 21,
2439 3702 2509 3767 5,
2546 3702 2647 3764 20,

613 3798 720 3845 Cic.
753 3798 815 3847 de
852 3799 955 3863 Off.
979 3799 1013 3849 ὅ
1031 3838 1047 3866 ,
1086 3799 1151 3849 30
1185 3805 1235 3850 et
1257 3801 1342 3851 31,
1362 3830 1424 3839 —
1441 3802 1492 3863 6)
1515 3801 1593 3849 Cf.
1612 3799 1794 3849 Juven.
1818 3799 1879 3862 ὅ,
1907 3796 2020 3849 144.
2041 3824 2101 3837 -
2124 3791 2177 3860 7)
2204 3795 2265 3842 ln
2293 3793 2535 3857 lapidem.
2564 3792 2641 3839 cf.

614 3886 790 3951 Polyb.
810 3888 872 3952 ὅ,
893 3890 976 3939 25.
1001 3918 1062 3927 -
1081 3889 1133 3955 8)
1155 3891 1356 3941 cneio.
1380 3888 1675 3954 ath‘v.7‚
1697 3890 1757 3953 1,
1776 3888 1903 3937 Gell.
1928 3886 1986 3952 1,
2010 3886 2094 3935 21.
2114 3911 2176 3922 -
2197 3882 2259 3944 9)
2285 3881 2359 3931 Cf.
2378 3882 2479 3931 Tac
2498 3884 2645 3931 Anu.

613 3976 715 4043 ⁴13,
738 3977 830 4041 24,
853 3979 999 4030 Hinc.
1031 3980 1097 4042 1,
1122 3978 1208 4029 87.

713 4096 863 4158 333.
910 4097 1003 4161 De
1050 4096 1397 4181 sacrificiis,
1443 4105 1928 4161 consentancum
1971 4101 2136 4176 erat,
2176 4088 2491 4155 commista
2517 4086 2650 4171 jam
