3111 4829
1379 432 1456 476 ΡΒ
1462 432 1722 477 nuno,
2522 435 2563 478 V

542 576 737 640 posse.
776 554 1027 639 Itaque,
1054 551 1220 639 quod
1246 561 1444 616 unum
1468 549 1761 635 dabatur,
1796 574 1868 616 ex
1897 551 1971 616 iis
1995 572 2170 639 ,quae
2195 573 2559 638 composue-

545 688 719 750 ram,
761 665 1065 752 epitomen
1090 664 1391 731 conficere
1419 687 1680 752 eamque
1702 663 1988 730 dictando
2007 666 2370 731 lectionibus
2395 686 2558 751 prae-

546 780 787 844 mittere
813 780 1121 845 constitui.
1161 780 1315 845 Nam
1337 781 1581 866 vulgato
1603 779 1810 844 libello
1836 780 1925 843 uti
1949 779 2085 844 ideo
2112 802 2232 844 non
2254 791 2561 866 poteram,

546 893 836 980 quoniam
860 941 878 978 ,
907 894 1017 957 etsi
1048 894 1253 979 plures
1283 895 1607 958 consulens
1627 942 1644 977 ,
1674 894 1742 958 in
1782 894 2014 959 caeteris
2045 895 2288 959 nullum
2313 944 2331 979 ,
2362 918 2562 960 unum

543 1010 610 1072 in
637 1008 899 1093 partium
925 1007 1216 1073 duntaxat
1236 1007 1453 1073 ordine
1473 1009 1854 1094 potissimum
1876 1020 2118 1074 secutus
2139 1030 2305 1073 eram
2336 1031 2350 1073 :
2375 1009 2562 1096 idque

542 1144 670 1186 non
698 1124 1006 1209 arroganti
1048 1122 1307 1185 aliorum
1351 1121 1573 1186 laboris
1616 1122 1857 1187 fastidio
1883 1171 1900 1206 ,
1940 1121 2044 1187 sed
2065 1123 2201 1187 aliis
2223 1122 2301 1187 de
2320 1124 2516 1187 causis
2540 1172 2559 1207 ,

543 1259 694 1324 quas
730 1234 831 1301 bic
855 1258 1107 1301 necesse
1135 1257 1258 1300 non
1293 1246 1382 1300 est
1405 1258 1712 1302 enarrare.

632 1350 806 1413 Hanc
846 1370 1026 1435 porro
1059 1349 1218 1412 viam
1263 1348 1448 1413 semel
1493 1350 1826 1435 ingressus,
1871 1350 2161 1435 jamque,
2205 1373 2287 1415 ne
2327 1350 2571 1415 diutius⁴

543 1459 826 1525 dictando
857 1482 1083 1546 magna
1113 1461 1399 1546 temporis
1440 1482 1578 1544 pars
1619 1461 1881 1547 periret,
1920 1461 1997 1526 de
2017 1462 2379 1549 compendio
2400 1464 2556 1549 typis

542 1572 852 1659 vulgando
893 1573 1165 1658 cogitans
1188 1621 1206 1654 ,
1251 1571 1460 1636 multis
1485 1573 1810 1658 movebar,
1852 1596 1934 1640 ne
1963 1597 2033 1639 ex
2075 1599 2188 1641 usu
2216 1577 2555 1641 notioribus

539 1686 745 1773 aliquo
772 1686 1007 1772 potius„
1030 1706 1215 1772 quam
1241 1706 1274 1749 a
1302 1706 1406 1750 me
1433 1686 1709 1765 confecto
1732 1687 1796 1750 in
1819 1698 2126 1774 posterum
2156 1702 2378 1754 uterer.
2407 1691 2557 1755 Ete-

545 1799 677 1863 nim
715 1800 1081 1886 experientia
1121 1799 1364 1885 planius
1399 1820 1843 1885 cognoveram,
1881 1799 2013 1866 haec
2051 1802 2176 1867 sive
2210 1824 2390 1887 opera
2433 1803 2556 1866 sive

543 1916 864 1999 opuscula,
918 1913 1225 2001 quamvis,
1268 1913 1504 1977 bonum
1555 1935 1755 1978 unum
1806 1915 2143 1980 alterumve
2181 1938 2309 1980 esse
2332 1964 2351 1999 ,
2379 1917 2555 1980 facile

544 2027 904 2111 concedam,
937 2027 1091 2091 meis
1129 2038 1335 2091 tamen
1374 2027 1740 2091 lectionibus
1775 2028 1890 2093 alia
1921 2030 2041 2094 alio
2064 2031 2315 2095 nomine
2345 2032 2555 2095 miuus

539 2143 891 2207 convenire.
936 2139 1320 2223 Accedebat,
1351 2139 1513 2226 quod
1543 2141 1735 2205 latino
1773 2163 2019 2226 prorsus
2061 2165 2253 2229 opus,
2292 2144 2553 2230 ideoque

535 2268 645 2322 aut
688 2257 806 2322 tale
846 2253 1183 2342 legendum
1208 2301 1226 2336 ,
1267 2262 1376 2317 aut
1401 2250 1573 2315 aliud
1600 2251 1964 2315 vertendum
2004 2255 2392 2338 erat3unde,
2436 2258 2551 2319 nisi
2663 2338 2666 2341 Α

537 2393 677 2436 mea
708 2393 890 2456 opera
918 2368 1113 2432 multo
1140 2365 1523 2452 praestantius
1550 2364 1705 2453 quid
1729 2367 2079 2454 vulgaretur
2096 2417 2114 2454 ,
2140 2368 2361 2457 duplex
2394 2381 2556 2435 tem-

535 2485 698 2572 poris
714 2485 909 2570 juxta.
940 2483 993 2546 E
1019 2481 1223 2546 latinis
1248 2501 1390 2544 vero
1426 2479 1542 2544 alia
1573 2479 1739 2565 justo
1771 2481 2049 2568 longiora
2071 2531 2088 2566 ,
2133 2485 2250 2550 alia
2278 2484 2552 2553 breviora

536 2597 858 2681 videbam3
902 2595 1071 2659 velut
1119 2592 1504 2677 Burmanni,
1561 2613 1687 2658 non
1735 2586 2008 2659 multum
2060 2596 2162 2661 illa
2196 2596 2503 2682 probanda
2531 2649 2550 2684 ,

537 2710 1036 2799 Antiquitatum
1062 2705 1520 2773 Romanarum
1546 2707 1760 2773 brevic
1789 2709 2166 2798 descriptio,
2184 2712 2351 2777 nuda
2378 2735 2553 2800 paeue

539 2846 746 2889 rerum
764 2823 1076 2906 indicati03
1100 2821 1296 2908 qualis
1317 2822 1573 2885 omnino
1595 2822 1820 2910 Heynii
1830 2820 2226 2913 Antiquitas
2247 2825 2552 2893 Romana

538 2941 612 3001 in
660 2962 845 3002 usum
894 2938 1039 3002 leet.
1085 2933 1278 3004 acad.
1329 2933 1754 3000 adumhrata.
1817 2938 1945 3001 Nec
1981 2940 2178 3004 multo
2230 2942 2553 3026 ampliores

541 3048 816 3115 Oberlini
874 3047 1190 3125 Tabula»,
1236 3070 1387 3135 quas
1429 3068 1577 3112 cum
1622 3049 1747 3112 suis
1791 3049 2158 3115 lectionibus
2194 3052 2553 3136 conjunctas

540 3163 727 3228 edidit
746 3163 1014 3228 ReiziuS.

624 3277 823 3363 Igitur
858 3298 982 3340 non
1012 3277 1352 3362 simplicem
1372 3286 1766 3361 conspectum
1803 3275 1989 3342 modo
2018 3288 2080 3342 et
2097 3278 2366 3364 capitum
2391 3277 2553 3343 divi-

535 3392 766 3456 sionem
791 3388 1079 3477 nudaque
1106 3390 1401 3472 nomina,
1446 3388 1550 3453 sed
1596 3389 1845 3454 brevem
1873 3391 2163 3478 quidem,
2205 3403 2269 3457 at
2311 3415 2550 3458 summa

534 3504 722 3569 libare
762 3503 1039 3589 cupienti
1079 3502 1485 3566 sufficientem
1526 3524 1740 3566 eorum
1783 3503 2345 3590 interpretationem
2376 3525 2552 3589 quae-

538 3628 779 3695 rentes,
838 3617 1063 3704 quibus
1110 3615 1409 3701 perceptis
1448 3615 1641 3681 facilis
1691 3617 1951 3703 largiora
1993 3615 2293 3701 flagitanti
2337 3615 2547 3682 labor:

536 3730 695 3796 hanc
723 3741 1099 3817 quaerente8‚
1147 3750 1350 3793 unum
1400 3721 1541 3792 usui
1594 3740 1797 3793 nostro
1841 3729 2044 3814 aptius
2084 3729 2555 3793 inveniebamus

537 3843 912 3930 Nieupoortii
940 3842 1017 3907 de
1038 3841 1508 3930 antiquitatibus
1531 3842 1832 3905 Romanis
1862 3842 2142 3927 plurimis
2173 3841 2549 3906 editionibus

537 3957 847 4045 vulgatum
870 4007 887 4042 ,
945 3958 1287 4046 meritoque
1336 3956 1655 4022 laudatum
1697 3979 1849 4044 opus
1911 3954 2007 4048 (ἢ
2029 4008 2046 4043 ,
2103 3958 2334 4023 caeteris
2390 3967 2554 4019 certe

602 4119 668 4186 (⁸)
701 4120 911 4186 Hoeven,
928 4119 1134 4171 Handb.
1156 4122 1207 4171 ‹l-
1229 4121 1408 4174 Geso-h.
1434 4120 1489 4170 d.
1515 4118 1680 4170 Slaal.
1711 4121 1766 4170 d.
1784 4121 1997 4172 Altertlo.
2024 4135 2076 4184 p.
2103 4118 2217 4170 432.
2242 4136 2252 4167 ε
2281 4118 2553 4179 Nieupoor-
