3111 4829
1170 447 1537 536 ,(209)

412 571 616 658 specie
643 596 869 662 magna
893 625 910 660 ‚
934 579 1021 644 sic
1056 601 1132 645 re
1166 602 1308 648 vera
1353 606 1529 670 paene
1560 589 1732 656 nulla
1777 597 2139 679 superabat:
2182 607 2410 694 quippe

411 684 522 749 diu
554 684 681 769 jam
735 689 981 757 adsueta
1027 694 1407 780 singulorum
1451 699 1792 769 dominatui
1834 707 2113 797 civitate3
2155 719 2263 803 qui
2299 743 2418 806 po-

409 799 555 882 pulo
578 848 593 881 ,
616 798 764 878 dum
788 803 922 887 ejus
954 828 1015 869 se
1043 810 1327 874 extollere
1350 815 1541 897 gratia
1570 818 1924 885 nitebantur
1942 872 1959 906 ‚
1990 825 2370 898 blandientes
2397 886 2416 917 ,

407 923 727 999 postquam
755 915 832 979 ad
876 922 1206 1003 potentiam
1237 941 1678 1013 pervenerant,
1728 933 1891 999 illius
1936 941 2200 1023 perinde,
2233 958 2420 1035 atque

408 1037 649 1090 senatus
683 1027 922 1097 decreta
971 1035 1237 1101 ludibrio
1283 1038 1608 1109 habebant.
1661 1047 1829 1113 Inter
1878 1074 2029 1139 quos
2070 1080 2414 1148 rerumpo-

405 1136 551 1201 titus
591 1140 787 1207 Caesar
810 1193 826 1226 ‚
863 1147 1136 1231 primum
1175 1152 1356 1238 Syllae
1397 1160 1667 1243 exemplo
1705 1163 1820 1246 iis,
1860 1187 1998 1251 quae
2019 1190 2127 1254 pro
2157 1172 2415 1248 libidine

407 1254 747 1340 statuebat,
790 1257 1188 1329 decernendis
1224 1268 1471 1334 inanem
1509 1273 1897 1342 comitiorum
1934 1285 2195 1367 speciem
2225 1338 2240 1370 ,
2275 1313 2417 1376 pos-

405 1372 598 1430 tremo
627 1389 709 1432 ne
746 1368 906 1436 hanc
941 1376 1192 1461 quidem
1213 1379 1533 1465 adhibuit,
1558 1389 1958 1457 vetustissima
1997 1400 2207 1483 populi
2230 1402 2372 1486 jura
2398 1456 2418 1489 ,

408 1478 561 1542 etin
603 1479 698 1544 his
739 1487 1205 1571 magistratuum
1234 1495 1618 1595 creationem·
1646 1523 1980 1592 usurpanS,
2006 1531 2193 1596 quam
2238 1517 2417 1586 initio

406 1611 553 1655 cum
588 1597 811 1679 populo
855 1609 916 1662 et
948 1612 1162 1666 senatu
1202 1604 1455 1689 partitus
1498 1610 1615 1700 (cf.
1652 1615 1820 1682 Suet.
1855 1617 2016 1688 Coee.
2062 1624 2207 1715 41.)
2252 1678 2270 1715 ,
2295 1634 2411 1697 sub

407 1700 599 1769 finem
628 1711 763 1771 vitae
796 1720 978 1777 totam
1013 1715 1127 1779 sibi
1152 1718 1496 1789 vindicavit.

499 1841 648 1906 228.
694 1843 819 1907 Nec
863 1848 1078 1914 melior
1115 1855 1502 1925 comitiorum
1550 1866 1820 1936 conditio
1860 1876 1975 1940 sub
2011 1878 2369 1951 Triumviris
2395 1937 2417 1973 ,

405 1966 771 2040 congregato
811 1949 1175 2050 plerumque
1216 1973 1439 2054 populo
1462 2022 1480 2056 ‚
1515 1999 1641 2042 non
1683 1991 1810 2048 tam
1844 2034 1874 2073 ,·
1908 1999 1979 2053 ut
2022 1992 2101 2058 de
2145 2019 2212 2061 re
2259 2023 2416 2085 pro-

407 2068 596 2152 posita
627 2069 925 2158 suffragiis
958 2075 1148 2141 libere
1187 2079 1573 2173 decerneret,
1619 2116 1804 2180 quam
1827 2146 1844 2180 ,
1883 2111 1953 2165 ut
2000 2104 2262 2176 dominis
2292 2117 2416 2183 visa

408 2181 797 2248 confirmaret
844 2183 927 2272 l).
974 2188 1289 2277 Augustus
1330 2211 1576 2289 autern,
1616 2208 1915 2299 Principis
1946 2221 2197 2288 nomine
2243 2248 2415 2294 rem-

409 2293 721 2378 publicam
748 2297 1065 2385 ordinans,
1093 2303 1160 2367 in
1196 2312 1661 2394 magistratuum
1697 2327 2002 2394 creatione
2045 2330 2113 2421 2)
2140 2338 2410 2409 mediam

407 2405 571 2471 viam
606 2409 803 2473 tenuit
842 2408 930 2499 3).
975 2416 1127 2481 Nam
1158 2467 1175 2500 ,
1216 2426 1468 2493 comitia
1528 2432 1767 2502 servans
1790 2488 1807 2523 ,
1859 2443 1924 2507 id
1963 2452 2280 2539 praestitit,
2327 2481 2410 2525 ne

410 2520 802 2615 legerentur,
845 2526 961 2590 nisi
1007 2553 1156 2617 quos
1207 2535 1333 2622 ipse
1380 2544 1721 2636 probasset,
1766 2569 1999 2640 partem
2043 2566 2227 2633 etiam
2285 2573 2417 2659 ipse

404 2634 616 2721 legens
669 2638 755 2727 4).
805 2642 1040 2709 Minore
1098 2650 1369 2717 servituti
1417 2656 1693 2728 adsuetos
1761 2676 2125 2744 verecundia
2188 2706 2407 2773 regens

407 2747 684 2827 Tiberius
704 2802 721 2835 ,
744 2754 924 2820 exiles
945 2756 1123 2824 hasce
1150 2771 1455 2851 potestatis
1481 2776 1768 2863 reliquias
1795 2784 1873 2848 ad
1909 2804 2190 2859 senatum
2211 2809 2415 2866 trans-

410 2863 550 2926 tulit
598 2865 665 2953 5)
690 2914 706 2948 ,
731 2866 813 2932 ita
837 2916 854 2951 ,
900 2881 1008 2954 ut,
1050 2874 1340 2944 Consules
1380 2883 1496 2949 sibi
1523 2890 1866 2980 vindicans,
1898 2898 1967 2987 6)
1990 2910 2221 2973 caeteris
2262 2934 2412 2980 ma-

409 2974 752 3059 gistratibus
780 2993 888 3045 aut
915 2986 1270 3054 'candidatos
1306 3016 1705 3089 proponeret,
1733 3020 1843 3073 aut
1875 3013 2203 3086 lectionem
2235 3047 2416 3093 sena-

409 3097 507 3153 tus
551 3092 796 3159 arbitrio
840 3101 1236 3181 permitteret.
1275 3109 1406 3175 Hoc
1454 3136 1652 3182 unum
1675 3167 1695 3194 ‚
1742 3128 1913 3210 quasi
1957 3130 2026 3195 in
2067 3134 2412 3209 ludibrium

407 3205 623 3269 veteris
665 3209 989 3292 majestatis
1013 3263 1030 3298 ,
1078 3218 1459 3309 relinquens,
1511 3244 1581 3295 ut
1621 3236 1761 3301 lecti
1804 3246 2026 3328 populo
2067 3249 2134 3313 in

409 3314 655 3403 Martio,
718 3324 977 3407 majores
1027 3339 1449 3424 centuriatim,
1510 3347 1777 3441 minores
1829 3357 2105 3428 tributim
2150 3388 2416 3455 congre-

411 3439 546 3514 gato
592 3437 1074 3511 ostenderentur.
1126 3449 1271 3516 Haec
1307 3460 1691 3529 comitiorum
1742 3474 1996 3559 species,
2033 3478 2099 3543 in
2145 3484 2369 3568 quibus
2393 3533 2412 3569 ,

410 3546 695 3628 precibus
747 3561 1159 3645 nuncupatis,
1199 3565 1376 3633 lectio
1414 3587 1655 3656 peracta
1703 3582 1859 3648 vela
1905 3586 2164 3657 Consule
2207 3597 2305 3659 vel
2335 3599 2415 3662 ab

408 3655 535 3741 ipso
560 3661 876 3752 Principe,
902 3684 1008 3735 aut
1030 3682 1322 3758 praeconis
1346 3707 1489 3750 voce
1527 3697 1991 3767 renuntiabatur
2016 3752 2034 3788 ‚
2063 3704 2131 3794 7)
2154 3708 2416 3777 Alexan-‘-

410 3767 517 3835 dro
553 3774 774 3843 Severo
802 3780 1139 3867 imperante
1163 3837 1181 3873 ‚
1214 3793 1398 3858 etiam
1442 3802 1762 3886 superabat
1781 3806 1870 3893 8).
1921 3814 1977 3875 A
2019 3815 2259 3885 Tiberio
2286 3823 2412 3910 igi-

407 3896 507 3950 tur
533 3935 550 3969 ‚
606 3890 657 3953 si
697 3915 826 3957 rem
863 3896 1053 3982 ipsam
1083 3951 1102 3987 ,
1152 3927 1277 3971 non
1314 3909 1497 3976 inane
1553 3933 1780 3985 nomen
1844 3928 2172 4011 quaerimus
2211 3982 2230 4018 ,
2273 3937 2416 4004 finis

418 3999 616 4063 omnis
653 4008 858 4090 populi
890 4019 1194 4097 potestatis
1235 4036 1398 4089 recte
1421 4041 1746 4114 repetetur.
1775 4038 1927 4104 Nam
1971 4047 2134 4130 quod
2168 4049 2422 4139 Caligu-

411 4112 472 4177 la
508 4116 753 4183 comitia
786 4168 804 4203 ,
846 4122 873 4211 (
900 4125 1160 4197 dubium
1189 4181 1207 4218 ,
1234 4159 1313 4203 an
1337 4187 1356 4223 ,
1381 4142 1586 4228 qualia
1614 4147 1728 4211 sub
1775 4152 2336 4305 Augustt217suerant
2359 4162 2421 4250 ‚)

2185 3254 2415 3341 Campo
2516 3257 2522 3264 ”
