3111 4829
1626 397 1836 480 (⁵2)

735 545 880 611 gyro
931 528 1184 615 insignis
1226 531 1393 594 locus
1433 528 1624 594 Persii
1655 529 1712 597 V
1733 577 1751 611 ,
1790 529 1876 591 75
1897 576 1916 612 ,
1966 531 2047 614 5)
2093 528 2202 593 ubi
2237 551 2373 594 una
2417 530 2734 616 quiritem

732 621 973 724 aereiqo
996 640 1199 725 facit,
1226 651 1287 704 et
1310 690 1327 725 ,
1360 664 1397 705 a
1437 640 1684 704 domino
1707 660 1944 704 servum
1979 641 2126 704 verti
2148 688 2166 723 ‚
2201 638 2508 705 declarant
2542 638 2734 703 verba

733 752 1000 815 verterit
1027 752 1201 820 hune
1224 752 1540 817 dominus.
1578 752 1777 819 Verba
1803 752 2073 818 solennia
2098 775 2135 817 a
2164 750 2411 817 domino
2450 771 2735 838 pronun-

735 861 879 925 tiata
900 873 1152 929 testatur
1172 866 1698 950 Hermogenianus
1715 864 1801 951 6).
1829 865 2134 930 Posterius
2154 863 2473 930 dominum
2497 876 2697 929 tacere
2712 910 2734 947 ,

736 974 921 1038 moris
940 976 1123 1041 fuisse
1144 1025 1162 1059 ‚
1202 977 1367 1041 idem
1384 977 1909 1065 Hermogenianus
1931 1027 1949 1059 ‚
1986 1002 2023 1044 a
2052 979 2261 1044 lictore
2284 979 2550 1043 solennia
2571 998 2735 1063 pro-

738 1086 1009 1151 nuntiata
1033 1134 1051 1170 ,
1076 1087 1242 1154 idem
1264 1089 1555 1155 Boethius
1582 1089 1776 1157 docet.
1801 1092 2030 1178 Nempe
2053 1093 2264 1176 lictor,
2296 1093 2569 1178 neglecto
2593 1091 2733 1174 jam

740 1198 1113 1284 antiquitatis
1135 1201 1333 1287 rigore
1356 1251 1373 1285 ,
1411 1204 1571 1267 solus
1606 1225 1738 1267 rem
1754 1252 1771 1287 ,
1803 1214 2098 1289 praesente
2115 1213 2319 1268 tamen
2341 1202 2694 1288 magistratu
2711 1247 2733 1284 ,

741 1319 800 1372 et
837 1318 1125 1396 tangente
1152 1312 1397 1378 fortasse
1424 1315 1608 1378 etiam
1647 1325 1779 1378 tum
1820 1336 2059 1378 servum
2097 1312 2382 1396 domino,
2425 1311 2735 1398 peregisse

737 1420 995 1489 videtur.
1038 1425 1139 1490 Sic
1178 1426 1390 1512 utique
1413 1426 1623 1492 suadet
1642 1427 2186 1513 Hermogenianus.
2222 1427 2381 1491 Hinc
2421 1436 2481 1488 et
2520 1444 2736 1509 perso-

737 1556 959 1599 narum
995 1538 1063 1601 in
1095 1539 1219 1603 ritu
1241 1539 1586 1626 peragendo
1609 1550 1804 1627 partes
1826 1538 2070 1606 easdem
2093 1560 2217 1605 non
2241 1559 2474 1624 semper
2508 1535 2732 1601 iisdem

742 1648 928 1715 tribui
952 1698 969 1734 ,
999 1650 1175 1716 facile
1198 1651 1489 1719 crederes.

805 1859 867 1926 1)
890 1862 1123 1913 Heinecc.
1143 1864 1289 1926 Synt.
1308 1865 1363 1930 1,
1386 1866 1448 1930 4,
1471 1864 1532 1927 5,
1550 1865 1649 1914 vol.
1675 1866 1723 1915 1.
1744 1880 1798 1930 Ρ.
1821 1864 1945 1916 102:
1972 1863 2150 1914 Fabae
2168 1864 2270 1912 ἧσο
2296 1863 2624 1912 manumissio
2643 1876 2732 1911 aa·

740 1965 850 1999 ram
882 1951 1122 2017 Consule,
1160 1953 1405 2019 Proetors,
1440 1955 1775 2019 Procas-sule,
1813 1953 2031 2004 adhibito
2066 1954 2232 2001 lictore
2242 1986 2261 2015 ,
2295 1955 2413 2015 qui,
2446 1965 2584 1999 seno
2605 1966 2732 2014 per-

737 2055 912 2102 cussa,
936 2041 1144 2092 addebat
1161 2040 1304 2091 verba
1342 2059 1364 2090 .·
1401 2043 1538 2091 huna
1574 2043 1821 2092 hominem
1852 2042 2063 2091 liberum
2089 2056 2191 2089 essa
2219 2040 2344 2089 volo.
2372 2039 2486 2102 Quo
2509 2038 2647 2101 sacto
2671 2040 2734 2088 in

736 2145 919 2192 qyrum
934 2137 1076 2179 actus
1107 2147 1306 2196 servus,
1326 2133 1518 2196 inflicta
1533 2133 1687 2196 alapa
1705 2131 1826 2181 libor
1838 2130 2191 2181 dimittebatur.
2211 2129 2352 2179 Hinc
2373 2129 2514 2179 Pers.
2537 2128 2646 2177 Sat.
2664 2128 2698 2179 5
2717 2166 2738 2195 ,

735 2216 829 2283 75,
852 2219 913 2266 da
933 2219 1107 2270 Dama
1121 2237 1259 2271 serva
1269 2256 1290 2286 ‚
1307 2223 1366 2269 in
1380 2237 1563 2286 qyrum
1581 2228 1689 2271 acto
1709 2237 1730 2269 .·
1754 2222 1852 2270 lieu
1872 2221 2059 2269 steriles
2078 2224 2177 2270 etc.

800 2305 979 2355 Contra
1014 2308 1219 2372 Ruperti
1256 2309 1518 2375 (Gr-andr.
1549 2310 1603 2358 d.
1630 2310 1804 2359 Geach.
1823 2308 2168 2358 —derRoem.
2200 2323 2253 2373 Ρ.
2290 2305 2466 2371 Asa),
2502 2319 2695 2355 sermm
2712 2341 2731 2371 ,

726 2408 955 2459 eumque
984 2412 1091 2446 raso
1122 2397 1309 2462 capite,
1331 2397 1393 2446 ad
1406 2398 1624 2448 tribunal
1652 2399 1879 2448 Praetoris
1896 2435 1911 2462 ,
1936 2414 1963 2447 a
1985 2397 2182 2447 domino
2203 2435 2220 2461 ,
2258 2396 2417 2463 capito
2447 2395 2525 2445 vel
2553 2410 2733 2445 manu-

736 2484 1031 2545 prehensum
1048 2521 1064 2546 ‚
1087 2490 1165 2533 ter
1183 2485 1306 2534 verti
1323 2521 1341 2548 ,
1362 2487 1671 2549 formulaque
1694 2489 1830 2537 lianc
1846 2489 2093 2538 hominem
2115 2487 2324 2536 liberum
2339 2503 2440 2535 essa
2459 2487 2594 2551 vola,
2617 2484 2733 2533 data

739 2571 887 2620 simul
907 2574 1044 2636 alapa
1062 2609 1079 2637 ,
1118 2590 1146 2625 e
1163 2589 1312 2622 manu
1329 2575 1519 2639 emitti3
1538 2591 1640 2637 quo
1659 2576 1816 2640 sacto,
1839 2576 2104 2626 Praetorem
2130 2577 2256 2625 servi
2281 2579 2429 2638 caput
2443 2576 2577 2639 virga
2599 2574 2617 2639 (
2629 2574 2738 2623 vin-

742 2659 905 2724 dicta)
927 2664 1156 2725 tangere‚
1180 2661 1491 2724 liberumque
1511 2661 1722 2711 formula
1750 2663 1833 2726 aja
1861 2670 1906 2711 te
1926 2664 2135 2711 liberum
2169 2678 2301 2712 more
2332 2662 2614 2724 Quiritium
2645 2661 2736 2710 de-

738 2747 954 2812 clarare3
992 2753 1233 2811 postremo
1265 2754 1413 2812 caput
1446 2750 1574 2798 servi
1603 2765 1634 2798 a
1661 2749 1836 2800 lictore
1866 2749 2134 2813 eademque
2170 2750 2304 2814 virga
2338 2749 2525 2812 aliquot
2555 2749 2737 2798 ictibus

739 2849 1043 2899 percussum.
1063 2863 1124 2873 —
1143 2835 1208 2901 2)
1231 2835 1293 2884 V.
1316 2836 1444 2884 Plin.
1467 2836 1579 2901 Ep.
1597 2836 1759 2901 7,16.
1779 2863 1838 2873 -
1856 2836 1920 2900 ὅ)
1940 2836 2058 2884 Hor.
2081 2837 2118 2884 l.
2142 2851 2190 2884 c.
2207 2835 2280 2883 Cf.
2298 2833 2412 2884 Pei-s
2433 2836 2540 2886 Sae-
2563 2835 2625 2900 5,
2648 2836 2736 2886 88.

743 2948 804 2959 --
827 2921 888 2988 4)
906 2924 1041 2989 Hic,
1061 2925 1173 2990 Mc,
1197 2941 1344 2989 quem
1364 2929 1640 2989 queen-imus
1651 2958 1669 2989 ,
1691 2925 1853 2974 laicos&
1867 2924 2043 2990 (homo
2061 2924 2237 2989 liber.)
2259 2961 2275 2989 ‚
2299 2924 2419 2974 Non
2431 2927 2490 2975 in
2503 2924 2701 2988 festuca
2711 2963 2733 2994 ,

736 3012 881 3062 laetor
896 3016 1221 3078 quamjaclae
1237 3019 1458 3077 ineptus.
1479 3042 1537 3051 —
1552 3015 1615 3079 5)
1641 3014 1780 3078 Heu,
1801 3014 1988 3063 steriles
2007 3018 2114 3063 veri
2123 3017 2145 3064 Ι
2154 3014 2338 3078 quibus
2354 3031 2463 3064 una
2482 3015 2733 3079 Quiritem

744 3100 801 3150 V
793 3105 946 3166 erlu‘qo
963 3103 1110 3164 lacit.
1140 3103 1245 3152 Hic
1268 3103 1441 3153 Dama
1461 3110 1535 3152 est
1551 3118 1656 3151 non
1677 3105 1842 3151 tressis
1861 3097 2015 3164 aqasa
2026 3136 2046 3166 ,
2078 3120 2244 3167 vappa
2265 3110 2313 3151 et
2348 3105 2552 3168 lippus,
2590 3111 2638 3151 ee
2673 3107 2732 3153 in

741 3195 885 3240 tenui
897 3192 1163 3255 sarraqine
1184 3192 1419 3241 mendax.
1449 3191 1502 3238 V
1498 3194 1669 3240 eruerit
1699 3193 1834 3240 hunc
1857 3193 2117 3256 dominus,
2141 3200 2383 3243 momento
2403 3181 2617 3241 turbinis
2631 3195 2735 3242 exit
2825 3238 2835 3246 .

737 3277 953 3327 Marcus
969 3278 1161 3328 Dama.
1178 3278 1312 3343 Sem,
1337 3277 1446 3343 Ep.
1464 3278 1496 3327 8
1522 3315 1537 3343 ,
1563 3278 1624 3328 de
1640 3278 1927 3344 philosopho
1945 3296 2048 3329 non
2064 3283 2293 3346 differtur
2311 3285 2366 3330 in
2381 3283 2538 3344 diem,
2562 3283 2729 3330 statim

733 3370 1114 3432 circumaqt‘eur.
1139 3395 1198 3406 -
1219 3367 1281 3432 6)
1327 3367 1530 3418 Panda.
1569 3367 1662 3432 40,
1696 3369 1762 3433 2,
1794 3368 1876 3417 23.
1899 3405 1915 3432 ‚
1940 3370 2027 3419 ubi
2055 3370 2394 3420 Marianam-'0
2418 3385 2514 3432 per
2536 3369 2729 3417 uetans

732 3458 907 3522 Ιιοάίο,
940 3457 1143 3507 domino
1173 3461 1362 3506 tacente
1374 3490 1394 3521 ,
1427 3458 1655 3520 expediri·
1681 3458 1833 3522 solet,
1871 3466 1920 3506 ee
1942 3458 2088 3508 cerba
2114 3460 2364 3521 solennia,
2392 3458 2506 3504 licet
2522 3470 2625 3504 nan
2644 3458 2728 3506 dc·-

733 3553 949 3611 cantur,
981 3553 1045 3595 ut
1072 3548 1208 3596 dicta
1239 3548 1587 3611 accipiuntur.
1620 3547 1696 3596 Cf.
1732 3547 1902 3598 Boeth.
1927 3548 1981 3598 in
2015 3547 2149 3614 Tap.
2176 3547 2278 3595 Cic.
2309 3545 2359 3594 2.
2390 3543 2452 3593 V.
2486 3543 2632 3593 Briso.
2665 3546 2729 3598 da
2759 3537 2769 3564 ⁰

735 3635 994 3686 For-mulis
1012 3635 1052 3684 l.
1074 3634 1125 3685 8.
1148 3650 1200 3702 p.
1221 3633 1338 3686 724.

825 3826 929 3887 59.
975 3824 1266 3894 Vindicta
1307 3824 1586 3911 primum
1639 3827 1997 3910 liberatum,
2025 3826 2214 3889 'fama
2269 3832 2432 3904 erat,
2481 3841 2723 3887 servum

739 3932 1067 4001 Vindicem
1094 3960 1152 4003 v.
1194 3935 1549 4006 Vindicium
1569 3987 1586 4021 ,
1623 3940 1732 4026 qui
1760 3938 1926 4002 Bruti
1957 3936 2223 4002 filiorum
2245 3933 2724 4019 conjurationem

729 4042 1125 4129 indicaverit3
1176 4060 1235 4112 et
1282 4049 1531 4135 quidam
1571 4051 1647 4117 ab
1694 4053 1797 4117 illo
1834 4048 2159 4121 vindictam
2203 4047 2489 4138 adpellari
2528 4056 2715 4131 puta-
