3111 4829
1364 469 1389 551 (
1428 468 1551 528 205
1594 467 1617 549 )

473 599 772 684 Principis
793 601 943 663 item
971 621 1197 664 nomen
1216 647 1232 681 ,
1251 600 1319 662 in
1340 599 1533 662 libera
1558 598 1802 664 civitate
1828 610 2188 684 usurpatum
2213 600 2280 689 (§
2300 601 2374 662 17
2382 598 2495 688 5.)‚

472 713 840 778 excellentia}
870 713 1068 798 potius
1113 734 1299 798 quam
1330 714 1634 798 potestatis
1664 725 1811 780 erat.
1858 714 1911 777 A
1942 713 2172 778 Graecis
2201 715 2443 799 Impera
2462 753 2496 764 -

470 836 627 889 tores
643 825 932 907 Romani,
952 824 1167 889 eodem
1185 826 1497 908 vocabulo,
1520 847 1643 913 quo
1665 829 1888 914 Reges,
1911 828 2165 899 βασιλεῖς
2183 827 2492 894 dicuntur.

470 939 788 1004 Crescente
817 938 1164 1003 adulatione
1187 989 1204 1023 ,
1230 942 1411 1027 vulgo
1443 941 1680 1006 domini
1711 942 1998 1028 adpellati
2033 955 2181 1007 sunt
2210 940 2300 1028 9),
2332 939 2497 1027 quod

471 1074 699 1116 nomen
724 1101 741 1135 ,
794 1062 862 1116 ut
914 1054 1187 1117 servituti
1237 1057 1558 1140 proprium
1582 1104 1601 1138 ,
1652 1055 2004 1142 Augustum
2064 1066 2123 1119 et
2181 1055 2497 1118 Tiberium

469 1163 776 1229 horruisse
814 1177 1047 1231 constat
1086 1164 1227 1255 10),
1266 1168 1664 1246 idem‚tamen
1692 1170 1822 1254 jam
1854 1181 1989 1234 tum
2019 1193 2055 1235 a
2081 1169 2287 1234 liberis
2326 1191 2494 1255 quo—

469 1300 591 1365 que
618 1278 973 1346 hominibus
998 1330 1015 1365 ,
1056 1283 1216 1346 inter
1260 1285 1657 1348 salutantium
1694 1295 1753 1347 et
1784 1284 2232 1348 blandientium
2267 1304 2441 1347 voces
2467 1331 2485 1367 ,

466 1408 832 1481 usurpatum
884 1395 1016 1483 11).
1061 1397 1183 1482 Ipsi
1233 1419 1479 1483 quoque
1528 1397 1717 1460 titulis
1755 1397 1877 1460 suis
1921 1409 1981 1461 et
2023 1397 2141 1461 alia
2187 1395 2450 1481 epitheta
2471 1445 2489 1480 ,

468 1509 634 1572 velut
663 1509 837 1591 felix,
864 1509 1036 1593 pius,
1065 1509 1283 1590 victor,
1308 1518 1368 1571 et
1396 1531 1431 1572 a
1455 1507 1704 1572 devictis
1726 1509 2012 1593 gentibus
2039 1507 2326 1572 addidere
2356 1504 2486 1595 12).

534 1666 583 1731 1)
608 1668 683 1714 Cf.
709 1667 843 1715 Suet.
869 1666 994 1716 Coes.
1011 1664 1106 1730 76,
1135 1665 1255 1716 Tib.
1273 1666 1357 1714 26.
1377 1694 1437 1703 -
1456 1667 1508 1730 2)
1532 1667 1608 1715 Ct'.
1633 1667 1722 1714 Dio
1745 1667 1876 1715 Cass.
1898 1666 1992 1726 45,
2016 1666 2109 1730 44,
2133 1666 2328 1730 55,17.
2353 1695 2412 1702 -
2431 1666 2486 1731 5)

466 1757 542 1804 Cf.
564 1757 653 1804 Dio
672 1756 803 1804 Cass.
828 1755 894 1805 55
913 1793 929 1816 ,
954 1755 1034 1805 17.
1054 1783 1119 1794 ——
1140 1755 1190 1816 4)
1212 1756 1286 1804 Cf.
1312 1756 1401 1804 Dio
1420 1756 1550 1804 Cass.
1570 1756 1634 1805 55
1649 1794 1664 1820 ,
1683 1756 1764 1804 52.
1786 1783 1846 1794 -
1868 1756 1919 1821 5)
1945 1756 2034 1804 Dio
2050 1756 2180 1804 Cass.
2199 1756 2262 1804 55
2281 1792 2297 1819 ,
2323 1753 2403 1804 17.
2421 1781 2488 1794 -

465 1846 516 1910 6)
539 1847 613 1895 Cf.
638 1846 727 1895 Dio
749 1846 879 1896 Cass.
902 1846 974 1894 ib.
995 1874 1056 1883 -—
1076 1844 1130 1912 7)
1148 1846 1223 1895 Cf.
1249 1846 1381 1896 rest.
1403 1846 1455 1895 in
1490 1853 1744 1909 unqu-sem
1766 1847 1905 1895 locus
1920 1880 1940 1910 ,
1966 1846 2102 1895 Suet.
2121 1848 2260 1910 Any.
2293 1843 2324 1894 7
2339 1879 2359 1909 ,
2395 1843 2487 1893 nio

465 1936 594 1984 Cass.
618 1936 711 2000 55,
749 1935 811 1985 18
830 1973 846 2001 ,
872 1935 1041 1985 Creuz.
1083 1933 1133 2001 §.
1161 1933 1255 1985 187
1277 1941 1330 1983 et.
1360 1934 1482 1998 189,
1507 1935 1597 1997 qui
1634 1935 1697 1983 ab
1722 1952 1929 2001 auqur,
1968 1951 2069 1984 non
2091 1936 2154 1984 ab
2177 1952 2337 1999 auqeo
2357 1972 2374 2001 ,
2398 1936 2489 1986 do·

463 2025 667 2074 ductum
692 2027 817 2074 vult.
840 2026 1010 2075 Festus
1030 2031 1081 2074 et
1103 2025 1362 2075 Suetonius
1385 2031 1655 2095 utrumque
1674 2023 1925 2075 adserunt.
1945 2053 2005 2061 —
2023 2025 2076 2090 8)
2110 2025 2244 2074 Suet.
2272 2026 2411 2088 Auq.
2430 2023 2485 2075 7.

459 2140 525 2156 -—
544 2118 596 2183 9)
623 2117 699 2164 Cf.
730 2116 860 2163 Ptin.
886 2117 937 2163 in
959 2115 1174 2178 epistolis
1200 2115 1264 2161 ad
1284 2115 1549 2178 Trnjanum
1569 2151 1584 2178 ,
1616 2114 1738 2178 Lyd.
1772 2116 1835 2162 do
1851 2115 2122 2177 Moqistrr.
2157 2115 2182 2164 1
2202 2151 2218 2177 ,
2248 2115 2298 2164 6.
2335 2111 2484 2177 -1o)

460 2208 597 2257 Suet.
622 2211 762 2270 Auq.
783 2205 876 2269 53,
908 2205 1028 2253 Tib.
1052 2204 1144 2268 27,
1170 2204 1245 2251 Cf.
1271 2205 1389 2252 Tac.
1414 2206 1559 2254 Anu.
1584 2205 1617 2253 2
1635 2240 1652 2268 ,
1675 2203 1758 2252 87.
1779 2231 1838 2240 -
1860 2204 1943 2269 11)
1962 2205 2036 2251 Cf.
2059 2204 2199 2252 Ovid.
2224 2207 2343 2252 Am.
2362 2203 2413 2268 5,
2429 2203 2483 2266 7,

461 2298 558 2361 11,
582 2298 696 2344 Sen.
720 2294 900 2357 Epist.
920 2294 981 2356 5,
1004 2294 1146 2342 Mart.
1167 2294 1191 2342 1
1216 2327 1236 2357 ,
1254 2293 1379 2356 115,
1418 2293 1451 2342 5
1470 2330 1486 2359 ,
1509 2293 1606 2358 58,
1626 2293 1771 2342 Brisa.
1795 2294 1857 2341 dc
1877 2293 2053 2343 Form-
2074 2294 2114 2342 1.
2138 2293 2188 2342 8.
2214 2309 2266 2358 p.
2281 2292 2397 2342 74⁴.
2418 2317 2483 2332 -·

458 2385 540 2452 12)
565 2385 641 2434 Cf.
664 2384 839 2436 titulus
858 2382 887 2431 J
892 2382 1123 2433 ustiniani
1146 2382 1199 2431 in
1216 2382 1422 2432 Panda,

544 2527 694 2589 223.
746 2523 1072 2588 Primarios
1093 2523 1304 2587 liberae
1326 2522 1584 2587 civitatis
1604 2523 1990 2609 magistratus
2011 2522 2124 2609 sub
2147 2523 2480 2588 Caesaribus

453 2639 707 2703 nomine
730 2638 932 2723 potius
955 2659 1142 2723 quam
1175 2659 1241 2700 re
1278 2634 1339 2724 1)
1369 2658 1677 2722 superasse
1696 2685 1714 2721 ,
1744 2659 1890 2701 cum
1917 2637 1994 2702 de
2016 2638 2274 2725 singulis
2296 2687 2314 2722 ,
2341 2649 2480 2703 tum

457 2753 534 2817 de
565 2752 951 2838 imperatoria
983 2761 1274 2836 potestate
1317 2773 1353 2813 a
1391 2750 1568 2815 nobis
1597 2750 1756 2817 dicta
1798 2753 1937 2816 satis
1965 2752 2309 2819 ostendunt.
2345 2754 2479 2819 Po·-

452 2877 661 2930 testate
705 2865 979 2946 ademta,
1016 2887 1125 2949 par
1167 2864 1286 2926 fuit
1331 2841 1592 2943 munera
1634 2887 1881 2951 quoque
1921 2868 2180 2952 mutari,
2229 2867 2362 2931 aliis
2408 2868 2476 2931 in

452 2982 608 3065 ipsos
628 2980 943 3064 Principes
973 2975 1247 3065 (5.189
1279 2988 1340 3041 et
1371 2975 1558 3065 199.)
1603 2979 1902 3042 translatis
1923 3027 1940 3057 ,
1966 2980 2099 3043 aliis
2143 2980 2208 3042 in
2254 3002 2475 3062 novos,

452 3116 603 3181 quos
643 3102 967 3174 crearunt,
997 3090 1404 3175 magistratus.
1441 3092 1526 3153 Ex
1565 3089 1659 3153 his
1705 3091 2046 3171 Quaestores
2079 3090 2478 3174 Candidatus,

450 3190 741 3271 Praetores
766 3203 1379 3269 Fideicommissarios
1416 3224 1487 3266 ac
1518 3203 1864 3267 Tutelarem
1885 3253 1902 3286 ,
1935 3215 1997 3267 et
2024 3204 2186 3267 inter
2210 3205 2477 3269 minores

448 3322 838 3407 magistratus
869 3319 1216 3403 complures
1249 3339 1431 3403 supra
1458 3317 1549 3404 (§.
1593 3322 1737 3381 196.
1775 3320 1924 3381 214.
1960 3321 2109 3382 215.
2147 3313 2344 3404 216.)
2369 3328 2478 3401 at-

447 3436 737 3519 tigimus;
779 3430 884 3496 sed
925 3432 1205 3495 omnium
1240 3432 1502 3511 maxime
1531 3430 1960 3496 memorabiles
1982 3443 2125 3495 sunt
2145 3432 2472 3497 Praefectus

448 3547 599 3611 Urbi
623 3559 684 3611 et
711 3548 1041 3611 Praescctus
1071 3546 1379 3612 PraetoriO.

515 3683 565 3748 1)
593 3684 666 3733 Cf.
692 3684 812 3732 Tac.
837 3685 980 3733 Arm.
1000 3682 1025 3731 1
1043 3719 1060 3746 ,
1081 3681 1133 3729 5.

421 3881 427 3889 ,
534 3815 686 3877 224.
735 3815 1099 3878 Praefectum
1154 3812 1305 3877 Urbi
1356 3814 1709 3897 Augustus,
1766 3811 2058 3876 suadente
2109 3812 2474 3894 Maecenate,

445 3927 709 3989 instituit
757 3924 872 4015 1),
915 3928 1123 3992 liberae
1164 3927 1420 3992 civitatis
1466 3926 1889 4011 magistratum
1941 3924 2034 4014 (§.
2089 3924 2322 4013 204),
2370 3924 2475 3989 sed

444 4039 644 4124 specie
689 4051 925 4105 tantum
961 4065 1285 4126 revocans,
1336 4052 1405 4105 ut
1452 4041 1660 4105 minus
1707 4039 2084 4104 offenderent
2133 4040 2199 4103 in
2239 4058 2471 4104 novum

445 4166 731 4240 congesta
759 4204 774 4241 ,
799 4157 1100 4224 AEdilium
1131 4158 1394 4226 maxime
1416 4168 1476 4224 et
1498 4158 1875 4240 Praetorum,
1908 4178 2174 4245 quorum
2207 4150 2469 4239 insignia
