3111 4829
1491 308 1744 475 (26οῇ

674 529 729 594 1)
752 528 828 576 cs.
850 528 984 577 suet.
1010 526 1132 578 cm.
1153 524 1247 589 12,
1264 524 1371 574 eie.
1389 527 1449 573 c„
1473 522 1597 574 Vae.
1620 523 1699 574 14.
1722 523 1892 573 senus.
1913 539 1963 572 v.
1985 523 2108 589 212.
2126 521 2211 574 9⁷.
2230 545 2296 564 -
2315 524 2380 587 9)
2399 522 2461 574 v.
2485 521 2633 575 nain.

611 618 644 667 ⁴
662 655 679 681 ‚
704 618 796 682 18,
824 619 903 668 15.
922 645 983 654 -
1000 617 1064 677 ὅ)
1088 616 1163 665 cs.
1187 616 1359 666 nesus.
1383 631 1436 680 p.
1463 616 1577 665 100.
1595 642 1660 654 -
1684 614 1737 675 4)
1760 614 1838 664 cf.
1862 614 1969 663 eie.
1984 631 2045 679 ρ.
2070 614 2271 666 cluent.
2295 614 2380 666 29.
2397 641 2460 653 -
2476 614 2532 679 5)
2554 614 2633 664 cr.

611 709 716 757 cie.
749 708 896 757 Vm.
924 707 982 770 1,
1004 707 1098 771 61,
1116 722 1177 771 p.
1204 707 1404 756 ccam.
1428 705 1511 754 27.
1538 705 1621 755 29.
1646 706 1729 755 55.
1752 705 1836 756 5⁴.
1861 733 1922 743 -
1943 706 1996 771 o)
2021 705 2096 753 cs.
2119 704 2226 754 cic.
2244 721 2307 771 p,
2329 704 2532 755 ame.
2547 703 2631 753 53.

611 797 757 860 -η
779 798 857 845 cs.
880 797 986 846 cic.
1014 795 1368 860 adam-aer.
1392 795 1536 860 2‚5.
1559 823 1618 832 -
1641 796 1695 860 s)
1724 792 1802 843 cs.
1824 795 1931 843 mv.
1954 794 2023 861 6,
2046 794 2128 843 κο.

703 938 856 1002 266.
884 938 922 1001 J
926 935 1141 1001 udiciis
1163 936 1408 1022 privatis
1431 936 1650 1001 Romae
1673 935 1899 1000 Praetor
1923 934 2196 1001 urbanus
2218 944 2280 999 et
2303 909 2658 1021 pereginus,

609 1051 637 1139 (
650 1053 709 1137 §.
746 1046 934 1136 190.)
955 1099 972 1131 ‚
1015 1059 1076 1112 et
1101 1049 1220 1134 ipsi
1243 1048 1532 1133 judicum
1558 1049 1812 1113 oonsilio
1836 1095 1854 1131 ,
1895 1048 2176 1134 quamvis
2214 1070 2341 1112 non
2369 1049 2436 1112 iu
2460 1048 2663 1116 omni⁴

611 1184 682 1226 ea
692 1185 826 1244 usa,
859 1172 1097 1226 utentes
1120 1161 1146 1251 (
1156 1168 1216 1253 §-
1250 1158 1438 1251 195.)
1459 1210 1475 1245 ,
1502 1160 1568 1225 in
1593 1161 1920 1247 provinciis
1944 1162 2174 1226 Rector
2198 1161 2460 1248 publicis
2482 1183 2634 1247 quo-

610 1298 731 1366 quc
758 1287 1031 1361 praeerat.
1889 1249 1898 1260 .

689 1390 859 1454 Inter
895 1410 1105 1456 causas
1130 1384 1389 1474 privatas
1427 1400 1765 1455 occurrunt
1790 1391 2028 1454 furtum
2054 1387 2390 1477 (diurnum
2414 1436 2432 1472 ,
2464 1410 2627 1453 noo—

604 1515 897 1586 turnum,
929 1503 1327 1568 manifestum
1350 1552 1368 1587 ‚
1397 1503 1711 1588 oblatum,
1741 1502 2123 1589 prohibitum
2145 1551 2163 1586 ‚
2209 1524 2334 1567 non
2379 1501 2632 1567 exhibi—

610 1627 742 1680 tum
759 1664 777 1698 ,
820 1613 1011 1704 etc.);
1057 1599 1309 1703 rapina3
1351 1616 1583 1699 injuria
1625 1615 1987 1705 (verborum
2011 1665 2030 1699 ,
2071 1616 2340 1702 corporis
2362 1664 2380 1700 ‚
2418 1615 2632 1680 famosi

610 1725 843 1814 libelli)
859 1752 876 1809 3
900 1726 1200 1792 damnum
1222 1751 1239 1807 ;
1279 1730 1478 1810 fraus,
1505 1727 1713 1811 dolus;
1736 1750 1859 1815 quo
1882 1726 2142 1792 trahitur
2166 1729 2258 1792 lex
2284 1727 2530 1815 Aquilia
2554 1728 2633 1794 de

609 1842 754 1909 dolo
779 1842 939 1904 malo
968 1836 1031 1925 1)
1055 1887 1072 1922 ,
1099 1849 1212 1903 etc.
1257 1840 1448 1908 Litem
1490 1841 1800 1905 intentans
1826 1839 2067 1925 proprie
2107 1835 2329 1926 petitor
2350 1889 2369 1923 ,
2406 1842 2458 1906 is
2477 1890 2494 1924 ‚
2526 1843 2631 1907 cui

607 1957 947 2019 intentatur
965 2001 982 2035 ‚
1005 1952 1178 2020 undo
1191 1956 1448 2040 petitur
1473 1951 1588 2041 2),
1617 1955 1743 2039 ipsa
1770 1954 1927 2018 actio
1963 1953 2171 2039 petitio
2197 1952 2376 2019 dicta.
2406 1953 2634 2040 Magis-

610 2076 803 2133 tratus
828 2067 921 2131 vel
949 2064 1026 2130 de
1050 2066 1245 2152 plano·
1262 2066 1356 2130 vel
1382 2086 1491 2151 pro
1519 2065 1813 2134 tribunali
1842 2066 1948 2151 jus
1972 2064 2211 2132 dicebat
2236 2063 2331 2157 (§.
2362 2064 2540 2155 195.)

673 2225 1052 2290 nesciam
1076 2230 1178 2293 off.
1216 2229 1406 2296 Qu,
1448 2229 1607 2280 aoN.
1634 2230 2162 2295 amam-..amn
2198 2230 2525 2281 cimaaaso.
2555 2230 2630 2296 ⁷,

608 2316 1157 2384 11‚a00rae.1,57.

1394 2458 1471 2501 DE
1514 2457 1848 2503 mutemus,

701 2598 855 2661 267.
905 2597 1153 2661 Judices
1182 2619 1496 2682 supremos
1524 2600 1727 2686 Reges
1766 2600 1952 2664 fuisse
1984 2597 2247 2664 diximus
2278 2604 2338 2687 §.
2376 2599 2528 2664 260.
2554 2596 2634 2662 Hi

609 2722 714 2777 aut
743 2709 852 2775 soli
873 2711 1268 2795 judicabant,
1295 2722 1403 2776 aut
1419 2761 1436 2795 ,
1462 2711 1574 2776 ubi
1596 2712 1905 2776 videretur
1928 2761 1946 2795 ,
1967 2713 2152 2776 lectos
2180 2712 2259 2776 ab
2289 2712 2432 2798 ipsis
2473 2711 2633 2773 viros

613 2828 702 2891 vel
733 2826 799 2890 in
830 2825 1156 2890 consilium
1176 2825 1593 2909 adhibebant,
1623 2827 1720 2891 vel
1751 2849 1962 2892 causas
1987 2827 2064 2891 iis
2086 2876 2103 2910 ,
2146 2837 2370 2914 atque,
2397 2836 2467 2889 ut
2491 2847 2634 2890 cre-

611 2940 822 3023 deres,
854 2940 1115 3026 privatas
1154 2941 1418 3006 maxime
1461 2940 1877 3009 mandabant:
1907 2964 2060 3027 quos
2100 2951 2208 3005 aut
2248 2962 2485 3027 semper
2526 2947 2634 3003 aut

607 3055 974 3140 plerumque
999 3054 1161 3119 inter
1186 3065 1489 3118 senatores
1508 3055 1696 3119 lectos
1724 3076 1851 3118 esse
1874 3101 1892 3137 ,
1923 3077 2018 3117 res
2042 3055 2170 3139 ipsa
2197 3052 2515 3138 persuadet
2540 3050 2627 3139 1).

607 3170 858 3256 Regum
901 3191 1141 3234 morem
1184 3166 1353 3232 haud
1400 3166 1589 3231 dubie
1636 3166 1827 3230 secuti
1875 3176 2019 3230 sunt
2061 3167 2229 3253 regia
2275 3167 2631 3232 auctoritate

605 3284 992 3369 magistratus
1008 3330 1025 3363 ‚
1052 3282 1348 3347 Consules
1367 3328 1385 3363 ‚
1412 3290 1474 3343 et
1497 3301 1710 3344 eorum
1734 3279 1868 3344 loco
1890 3290 2094 3365 postea
2112 3278 2366 3364 judiciis
2387 3280 2634 3365 privatis

606 3394 910 3481 praepositi
945 3395 1275 3476 Praetores,
1307 3404 1369 3457 et
1398 3392 1513 3479 ipsi
1545 3415 1583 3457 e
1612 3393 1993 3457 senatoribus
2017 3441 2035 3475 ,
2066 3404 2233 3458 certe
2258 3415 2292 3457 e
2325 3392 2632 3477 primariis

607 3507 906 3595 dignitate
940 3505 1085 3570 viris
1129 3505 1374 3591 judices
1420 3505 1487 3569 in
1532 3506 1822 3592 privatis,
1876 3506 2051 3593 queis
2101 3508 2239 3570 solis
2286 3515 2629 3590 praeerant,

607 3623 804 3687 causis
851 3620 1125 3711 legentes
1175 3617 1281 3710 2),
1330 3619 1599 3686 necdum
1623 3669 1641 3704 ‚
1675 3630 1982 3708 quantum
2031 3620 2307 3705 intelligo
2331 3666 2350 3700 ,
2398 3619 2630 3682 civium

603 3757 906 3820 numero,
943 3735 1106 3801 inter
1154 3756 1306 3823 quos
1343 3737 1738 3823 legerentur,
1787 3734 1927 3821 lege
1971 3731 2241 3797 definito.
2275 3732 2405 3795 Sub
2434 3732 2629 3798 finem

606 3848 810 3913 saeculi
839 3849 1042 3936 quinti
1068 3848 1147 3912 ab
1174 3848 1248 3914 U.
1277 3847 1343 3914 C.
1371 3847 1627 3912 Praetori
1656 3844 1847 3911 additi
1878 3845 2279 3909 inveniuntur
2306 3862 2629 3911 assessores

606 3959 936 4026 decemviri
979 3962 1191 4026 litibus
1245 3956 1586 4051 (stlitibus)
1630 3958 1983 4043 judicandis
2034 3952 2142 4043 3),
2189 3956 2360 4046 iique
2392 3979 2517 4024 non
2558 3959 2626 4024 in

604 4073 889 4140 omnibus
920 4073 1152 4159 causis,
1201 4072 1303 4139 sed
1333 4074 1401 4138 in
1448 4070 1826 4158 gravioribus
1857 4080 1964 4135 aut
2005 4066 2454 4138 difficilioribus
2488 4094 2625 4139 ma-
