3111 4829
1522 410 1778 494 (102)

908 584 913 591 -
1011 564 1326 612 uumerus
1343 594 1361 630 ,
1406 566 1631 611 cotom
1649 594 1668 630 ,
1717 554 1876 612 'soen
1894 595 1912 630 ‚
1959 568 2273 613 πωπω.

734 662 882 726 114.
929 658 1173 739 Civibus
1199 659 1496 726 Romanis
1524 661 1871 746 municipes
1893 667 2136 744 omnes,
2160 663 2518 726 colonorum
2538 661 2652 726 alii
2747 724 2752 731 ,

638 774 905 857 civibus,
939 775 1076 858 alii,
1119 786 1193 840 ut
1215 775 1360 839 socii
1384 787 1445 839 et
1466 774 1735 839 dediticii
1756 823 1774 855 ,
1807 774 2147 861 peregrinis
2166 773 2649 840 adnumerandi.

641 889 812 955 Inter
837 888 1024 954 socios
1043 900 1254 954 autem
1270 888 1597 974 singularis
1617 887 1767 952 ratio
1789 887 2144 952 Latinorum
2163 936 2181 972 ,
2206 899 2266 952 et
2290 888 2653 955 alatinitate

642 980 768 1067 sive
804 1003 946 1087 jure
975 1002 1126 1066 Latii
1165 1001 1472 1067 diversum
1500 1000 1605 1085 jus
1645 1001 1951 1066 Italicum.
1997 1001 2097 1066 Sic
2146 1000 2504 1066 nominibus
2543 1002 2655 1066 di-

646 1105 860 1180 stincta
888 1116 1131 1202 singula
1154 1115 1441 1202 deinceps
1469 1116 1861 1201 explicamus.

654 1284 663 1292 .
732 1228 830 1292 Ad
869 1228 1216 1294 mirandam
1251 1231 1678 1295 Romanorum
1723 1251 1759 1293 a
1802 1227 2174 1317 tenuissimis
2196 1226 2428 1313 opibus·
2446 1240 2660 1314 poten-

646 1342 795 1405 tiam
816 1340 939 1405 duo
961 1342 1299 1428 praesertim
1318 1344 1595 1407 instituta
1627 1362 1998 1428 magnopere
2029 1341 2286 1406 valuisse
2307 1388 2325 1424 ,
2359 1362 2456 1405 res
2491 1351 2582 1404 est
2615 1327 2656 1404 a

604 1476 609 1479 ⁴
648 1452 858 1517 multis
877 1454 1324 1540 animadversa,
1346 1457 1608 1521 alterum
1625 1504 1643 1539 ‚
1664 1453 1859 1542 quod,
1880 1458 2096 1538 pacem
2109 1470 2241 1517 non
2257 1450 2379 1516 nisi
2406 1452 2663 1515 victores

648 1546 850 1630 facere
869 1568 1024 1631 sueti
1047 1616 1064 1649 ‚
1091 1567 1277 1632 victos
1296 1568 1490 1633 ltaliae
1507 1569 1761 1653 populos
1785 1567 1929 1632 alios
1947 1546 2188 1630 civitate
2211 1613 2231 1648 ‚
2257 1564 2407 1631 aiios
2429 1563 2663 1629 foedere

648 1699 854 1743 secum
880 1680 1342 1767 conjungebant
1364 1727 1382 1763 ,
1411 1682 1673 1744 alterurn
1698 1729 1716 1764 ‚
1755 1679 1921 1767 quod
1939 1730 1957 1765 ,
1997 1703 2107 1765 per
2129 1681 2316 1743 victos
2337 1679 2497 1744 cives
2525 1701 2666 1745 suos

648 1791 899 1853 coloniis
937 1803 1286 1877 spargentes
1305 1842 1323 1876 ,
1365 1795 1718 1858 remotiores
1761 1793 1945 1857 etiam
1973 1793 2327 1856 absentibus
2347 1794 2537 1856 amnis
2566 1794 2663 1856 fa-

648 1901 825 1965 cilius
844 1902 912 1965 in
929 1902 1131 1967 officio
1149 1904 1567 1971 continebant.
1592 1905 1754 1969 Hinc
1773 1905 1888 1968 tria
1914 1904 2167 1968 urbium
2189 1905 2381 1969 ltaliae
2397 1924 2625 1989 genera
2642 1950 2660 1986 ,

646 2014 986 2101 municipia
1007 2065 1025 2099 ,
1069 2017 1327 2082 colonias
1347 2067 1365 2102 ,
1416 2029 1477 2083 et
1527 2016 1836 2083 foederatae
1863 2068 1882 2103 ‚
1927 2029 1999 2082 ut
2048 2028 2304 2101 vocant,
2352 2016 2620 2083 civitates
2643 2038 2662 2097 ;

651 2137 940 2211 quartum
980 2149 1109 2193 non
1136 2128 1400 2195 absurde
1429 2129 1727 2195 faciemus
1769 2128 2159 2216 praefecturas
2200 2131 2226 2221 (
2243 2131 2322 2214 §.-
2355 2126 2515 2217 126)
2543 2177 2560 2215 ‚
2595 2138 2665 2193 ut

648 2239 807 2324 juris
848 2241 1083 2308 ratione
1110 2263 1148 2308 a
1173 2243 1407 2308 caeteris
1427 2292 1445 2329 ,
1476 2243 1565 2309 sic
1587 2244 1840 2311 nomine
1867 2244 2052 2310 etiam
2083 2243 2394 2309 distinctas
2427 2239 2518 2329 1).

716 2371 784 2443 1)
808 2377 883 2427 Cf.
906 2378 1010 2428 Cic.
1026 2393 1088 2444 p.
1109 2378 1246 2430 Sext.
1265 2380 1347 2431 14.

742 2497 892 2558 115.
942 2495 1282 2581 Municipes
1333 2495 1524 2561 dictos
1574 2518 1701 2561 esse
1726 2545 1744 2579 ,
1804 2497 1978 2582 queis
2041 2497 2295 2582 populos
2346 2495 2669 2560 Romanus
2765 2508 2770 2514 ’

652 2605 933 2691 quaedam
978 2627 1104 2670 suae
1146 2607 1408 2671 civitatis
1452 2607 1598 2691 jura
1637 2608 2062 2688 concessisset,
2103 2608 2235 2690 ipsa
2289 2627 2398 2669 vox
2442 2606 2668 2670 diserte

650 2719 890 2804 arguit,
931 2720 1056 2783 sive
1095 2730 1390 2806 tanquam
1418 2719 1636 2783 munia
1657 2765 1675 2801 ,
1699 2718 1964 2783 honores
2012 2718 2241 2782 scilicet
2275 2727 2383 2781 aut
2425 2717 2674 2802 magis—

650 2843 880 2918 tratus,
920 2833 1264 2920 capientes,
1306 2834 1429 2898 sive
1454 2882 1472 2918 ,
1517 2831 1685 2920 quod
1719 2833 1883 2896 malo
1908 2879 1926 2916 ,
1969 2831 2224 2896 omnino
2263 2829 2630 2896 muneribus
2653 2876 2671 2911 ‚

651 2958 946 3034 tanquam
972 2922 1182 3027 donis,
1211 2949 1484 3012 fruentes
1509 2941 1930 3031 intelligamus
1962 2941 2064 3033 1).

739 3062 891 3128 Jura
933 3062 1327 3147 municipum
1369 3083 1497 3126 non
1543 3060 1760 3126 eadam
1816 3059 2106 3125 omnibus
2127 3107 2147 3143 ‚
2203 3079 2418 3124 omnes
2462 3069 2671 3122 tamen

651 3175 813 3240 cives
837 3176 1123 3259 fuerunt,
1148 3196 1344 3262 eoque
1373 3196 1410 3241 a
1434 3175 1664 3238 Latinis
1683 3223 1701 3259 ,
1724 3173 1858 3259 jam
1887 3174 2141 3261 Regum
2163 3181 2341 3238 aetate
2376 3172 2673 3258 singulari

651 3309 798 3354 cum
818 3290 1042 3374 populo
1063 3289 1346 3353 Romano
1362 3288 1522 3374 juris
1537 3288 1782 3353 vinculo
1802 3288 2192 3373 consociatis,
2212 3286 2521 3353 differunt.
2551 3286 2675 3350 Sed

652 3404 748 3468 uti
804 3403 1013 3469 civitas
1050 3403 1147 3495 (§.
1197 3400 1322 3493 672)
1342 3452 1360 3487 ‚
1386 3403 1477 3468 sic
1502 3403 1850 3489 municipes
1882 3403 1990 3469 alii
2014 3402 2310 3469 dicuutur
2342 3419 2490 3466 cum
2529 3400 2678 3462 suf-

653 3515 851 3604 fragio
872 3565 890 3599 ‚
921 3515 1026 3580 alii
1059 3514 1193 3579 siue
1236 3514 1523 3602 stiffi-agio
1547 3511 1628 3603 2)
1648 3539 1666 3600 3
1690 3535 1894 3601 neque
1927 3516 2049 3583 alio
2069 3535 2262 3602 quam
2284 3511 2677 3595 municipum

654 3631 910 3700 nomine
936 3628 1267 3715 adpellatos
1286 3629 1522 3715 mpetio
1538 3678 1559 3713 ‚
1587 3630 1949 3718 quicunque
1970 3678 1989 3714 ,
2017 3630 2258 3694 civitate
2267 3623 2489 3689 -donati
2506 3671 2524 3707 ,
2549 3645 2677 3688 non

657 3764 808 3806 cum
824 3742 978 3806 urbe
1002 3744 1279 3808 locorum
1300 3743 1486 3808 etiam
1519 3766 1683 3808 nexu
1703 3743 2234 3829 conjungerentur
2252 3785 2272 3821 ‚
2296 3747 2369 3801 ut
2393 3747 2535 3823 pote
2553 3756 2679 3815 nec
2741 3791 2742 3794 η

660 3856 728 3918 in
751 3856 881 3940 ipsa
906 3856 1062 3921 urbe
1084 3905 1101 3939 ,
1134 3878 1250 3922 nec
1268 3859 1507 3923 circum
1530 3858 1599 3922 iu
1627 3879 1775 3946 agro
1795 3905 1813 3940 ,
1846 3867 1917 3921 ut
1937 3862 2187 3936 vocant,
2213 3871 2469 3916 romano
2489 3849 2678 3916 babi-

598 3968 605 3978 '
664 3976 879 4030 tantes.
926 3966 1028 4030 Sic
1065 3967 1233 4032 idem
1275 3971 1422 4054 erit,
1469 3970 1694 4056 duplex
1726 3966 2115 4053 municipum
2140 3984 2336 4052 genus
2356 3973 2540 4050 atque
2559 3962 2682 4027 du·-

669 4079 892 4166 plicem
937 4079 1242 4148 civitatem
1280 4082 1426 4166 jure
1470 4083 1853 4169 discernere3
1901 4101 2106 4168 neque
2131 4077 2524 4180 ‘ufimbimur
2547 4126 2566 4162 ,
2611 4078 2686 4142 in
