3111 4829
1323 402 1347 483 (
1390 398 1503 462 411
1547 400 1574 483 )

432 546 756 620 supersunt
786 558 800 599 ε
848 556 884 598 e
925 533 1150 621 quibus
1187 536 1371 620 longe
1404 535 1606 619 plures
1631 512 1944 598 historiam
1982 533 2403 599 Romanorum
2425 584 2443 617 ,

431 648 534 711 alii
559 647 635 713 ad
658 670 764 712 sua
789 659 1059 733 tempora
1080 697 1097 731 ,
1131 649 1235 713 alii
1265 647 1481 712 selecta
1506 658 1915 713 tractaverunt
1941 672 1958 729 3
1995 648 2062 710 in
2097 648 2222 711 illis·
2243 641 2446 711 Livius

430 762 704 846 copiose,
756 761 1119 849 compendio
1167 763 1440 848 Vellejus
1488 764 1880 844 Paterculus‚
1921 761 2132 827 Florus
2156 810 2173 843 ‚
2214 757 2445 825 Eutro-

429 876 601 961 pius3
647 898 761 940 nec
808 877 927 941 alio
977 875 1344 941 trahendum
1393 876 1555 941 Sexti
1591 873 1742 942 Rufi
1781 873 1943 940 Festi
1990 871 2442 940 Breviarium.

427 987 697 1053 Alterius
730 989 971 1075 generis
1011 987 1281 1054 Sallustii
1302 984 1573 1054 Bellum
1599 984 2082 1079 Juqurthi'num
2103 1000 2164 1054 et
2201 981 2446 1055 Catili-

427 1108 700 1169 narr‘um
721 1152 746 1181 ,
804 1106 1051 1171 Caesaris
1100 1102 1370 1170 Bellum
1430 1099 1770 1171 Gallicum
1831 1117 1892 1171 et
1956 1101 2161 1171 Civile
2185 1152 2203 1179 ,
2262 1099 2446 1169 Hirtii

427 1214 696 1282 Bellum
735 1213 1282 1283 Alexandrinum
1309 1266 1331 1293 ‚
1366 1211 1772 1307 Africanum
1794 1264 1819 1294 ,
1849 1211 2304 1305 Hispaniense.
2347 1215 2444 1281 Ad

426 1328 730 1394 Caesarum
782 1328 1094 1394 historiam
1150 1325 1456 1396 referendi
1509 1331 1754 1396 Tacitus
1775 1381 1793 1415 ‚
1847 1330 2135 1395 Aurelius
2184 1327 2400 1399 Victor
2422 1378 2439 1410 ‚

422 1442 787 1507 Ammianus
815 1441 1199 1508 Marcellinus
1222 1493 1240 1528 ,
1279 1456 1370 1530 et,
1410 1444 1519 1531 qui
1542 1441 1858 1509 *Historiae
1883 1442 2204 1533 Auqmtoe
2237 1443 2441 1528 scrip-

423 1565 581 1620 tores
637 1567 968 1641 vocantur,
1014 1557 1213 1623 AElius
1259 1553 1614 1644 Spartianus
1660 1557 1686 1649 (
1724 1579 1776 1623 v.
1821 1557 1943 1624 AEl.
1987 1549 2440 1642 Lampridius),

422 1665 623 1734 Julius
684 1670 1098 1756 Capitolinus,
1146 1667 1482 1737 Trebellius
1522 1672 1755 1756 Pollio,
1805 1667 2044 1736 Flavius
2097 1670 2436 1756 Vopiscus,

419 1785 742 1852 Vulcatius
770 1779 1143 1851 Gallicanus.
1168 1781 1472 1853 Caesarum
1494 1785 1708 1851 decem
1728 1785 2004 1872 priorum
2023 1783 2173 1848 vitas
2201 1793 2444 1848 enarrat

420 1894 767 1963 Suetonius.
799 1896 1078 1961 Historiae
1106 1896 1461 1963 universalis
1485 1908 1576 1962 est
1603 1899 1638 1960 J
1643 1897 1828 1961 ustini
1857 1920 1892 1961 e
1927 1895 2125 1983 Trogo
2148 1891 2439 1979 Pompejo

421 2009 685 2093 epitome
702 2057 721 2093 ‚
753 2019 815 2072 et
846 2007 1116 2075 Cornelii
1143 2009 1389 2095 Nepotis
1407 2058 1424 2092 ,
1453 2029 1604 2096 quas
1628 2005 1935 2096 hodieque
1961 2007 2213 2073 AEmilio
2242 2003 2441 2071 Probo

370 2191 373 2196 ³
421 2118 673 2205 quidam
734 2111 1082 2206 vindicant,
1139 2119 1215 2188 V
1208 2121 1322 2186 itae
1381 2120 1892 2208 Imperatorum.
1955 2120 2286 2185 Alexandri
2345 2140 2441 2184 res

423 2243 615 2318 gestas
644 2233 889 2298 Curtius
914 2234 1120 2299 Rufus
1139 2282 1156 2317 ,
1184 2233 1433 2298 incertae
1465 2235 1655 2298 aetatis
1674 2282 1693 2317 ‚
1741 2229 2194 2297 Germanorum
2239 2247 2440 2296 mores

422 2347 665 2411 Tacitus
701 2346 1079 2434 composuit3
1116 2346 1281 2412 idem
1310 2395 1328 2433 ‚
1365 2340 1441 2417 V
1434 2349 1550 2412 ὅταν
1580 2345 1921 2439 Aqrs'eoloe
1948 2357 2159 2412 auctor
2180 2396 2197 2431 ,
2228 2367 2299 2411 eo
2321 2363 2440 2410 no-

420 2461 590 2526 mine
612 2483 759 2527 cum
778 2461 1008 2548 Nepote
1050 2474 1112 2527 et
1154 2460 1445 2528 Suetonio
1473 2462 1966 2551 conjungendus.
2008 2463 2434 2528 Brevissimam

420 2576 700 2643 notitiam
747 2576 829 2642 de
864 2580 1033 2644 viris
1070 2576 1449 2644 illus-wihus
1483 2572 1673 2643 urb-ie
1698 2573 2171 2666 Romae‘praebet
2192 2577 2437 2643 libellus

418 2689 669 2755 Aurelio
703 2692 936 2759 Victori
972 2693 1228 2779 aliisque
1254 2692 1536 2757 tributus.
1572 2692 1912 2779 Singularis
1937 2691 2177 2778 generis
2202 2690 2436 2761 Valerii

419 2805 663 2869 Maximi
724 2805 1069 2872 Dictorum
1131 2806 1201 2872 F
1197 2820 1613 2895 actorumque
1677 2802 2213 2872 Memorabilium
2266 2806 2432 2872 libri.

419 2920 699 3005 Denique
744 2919 1008 2985 historiae
1050 2919 1510 2986 adnumeranda
1547 2920 1813 2985 Messalas
1849 2919 2109 2986 Corvino
2139 2921 2289 2985 falso
2316 2916 2430 2984 ad-

420 3033 676 3118 scriptus
728 3033 885 3097 liber
946 3033 1025 3097 ds
1084 3033 1379 3122 Araque&
1430 3036 1733 3122 proqem‘e
1761 3074 1782 3114 ‚
1835 3035 1986 3098 Aur.
2046 3028 2309 3101 Victoris
2356 3034 2435 3097 do

427 3143 703 3233 Origine
728 3147 944 3232 ymtie
970 3142 1325 3221 Romam,
1361 3144 1630 3230 Ampelii
1656 3142 1860 3209 Liber
1886 3143 2346 3221 Memor-falic,
2375 3155 2437 3209 et

422 3280 562 3345 quas
605 3267 747 3322 sunt
783 3269 1072 3344 praetorea
1117 3258 1308 3345 hujus
1351 3258 1541 3325 etatis
1587 3259 1929 3343 levissima3
1974 3260 2260 3325 seriorem
2308 3278 2436 3325 non

421 3372 802 3460 attingimus.

545 3582 869 3628 oureus
900 3609 920 3647 ,
963 3581 1388 3627 mrsronuum
1431 3583 1834 3650 acumem,
1885 3585 2320 3630 unumne.
2384 3648 2389 3653 ‘

520 3750 669 3816 412.
717 3744 1082 3840 Eloquentia
1111 3800 1130 3836 ,
1180 3753 1513 3838 praesertim
1569 3753 1860 3837 forensis,
1922 3776 2035 3819 cur
2085 3748 2302 3819 Romae
2349 3754 2444 3820 vel

429 3864 627 3951 primo
687 3865 979 3931 libertatis
1038 3876 1313 3951 tempore
1358 3865 1572 3952 magni
1618 3867 1917 3931 momenti
1963 3865 2446 3952 existimaretur,

429 3999 609 4043 causa
651 3977 771 4042 suit
811 3980 939 4065 ipsa
988 3980 1341 4066 reipublicae
1384 3980 1580 4045 forma
1603 4028 1622 4064 ,
1664 3989 2016 4066 patronatus
2055 3991 2115 4045 et
2147 3981 2447 4046 clientelae

431 4111 657 4179 nexus,
699 4098 757 4154 et
798 4092 1185 4159 comitiorum
1225 4092 1397 4159 ratio.
1431 4091 1551 4159 Sed
1581 4092 1937 4161 Graecorum
1980 4093 2250 4162 studium
2291 4095 2441 4161 imi-
