3111 4829
1391 431 1416 509 (
1458 426 1571 488 141
1616 426 1642 507 )

1145 602 1405 648 comm
1450 602 1866 648 cmwnm'm.

577 748 736 810 156:
746 745 1016 838 Comitiis
1033 747 1406 830 centuriatis,
1425 769 1460 812 a
1483 747 1689 811 Servio
1701 747 1900 811 Tullio
1918 747 2207 811 institutis
2222 747 2288 836 (ς
2309 746 2513 837 144.),

498 857 760 941 populus
785 858 1214 942 centuriatim,
1244 859 1288 924 i.
1324 881 1379 923 e.
1411 859 1667 945 singulae
1690 859 1983 924 centuriae
2015 860 2253 945 singula
2291 859 2510 924 suffra-

499 969 599 1055 gia
627 970 905 1035 ferebant
926 995 945 1055 3
987 971 1188 1055 major
1218 993 1514 1036 numerus
1536 994 1668 1037 rem
1687 970 2031 1036 dirimebat.
2054 971 2264 1037 Causae
2284 970 2511 1036 horum

494 1083 883 1147 comitiorum
925 1083 1156 1148 eaedem
1194 1106 1333 1171 quae
1372 1085 1748 1148 curiatorum
1790 1085 2075 1167 fuerant,
2114 1083 2188 1146 iis
2229 1084 2357 1147 fere
2401 1107 2508 1148 ex-

495 1195 682 1280 ceptis
705 1243 723 1278 ,
774 1218 913 1282 quae
942 1198 1189 1262 curiatis
1227 1198 1516 1262 mansisse
1562 1197 1823 1263 diximus
1846 1247 1865 1281 ‚
1909 1199 2244 1283 multaeque
2270 1219 2366 1260 res
2389 1196 2509 1261 ali-

495 1309 792 1395 quamdiu
820 1312 1095 1398 utrisque
1114 1360 1133 1396 ,
1162 1323 1231 1376 ut
1260 1313 1588 1398 posteriore
1618 1334 1742 1376 aevo
1765 1312 2120 1377 centuriatis
2145 1322 2207 1375 et
2228 1310 2508 1394 tributis,
2575 1320 2578 1325 ’

492 1423 836 1508 promiscue
865 1435 1034 1490 actae.
1065 1425 1368 1490 Coeterum
1399 1448 1433 1490 e
1468 1426 1920 1513 magistratibus
1937 1424 2290 1489 centuriatis
2318 1424 2506 1488 creati
2561 1462 2566 1468 -

491 1530 892 1603 inveniuntur
916 1539 1177 1622 majores
1214 1538 1507 1604 ordinarii
1534 1536 1622 1627 1),
1662 1539 1951 1604 Consules
1984 1537 2266 1602 videlicet
2288 1585 2306 1621 ‚
2336 1538 2506 1601 Prae-

491 1658 685 1731 tores,
712 1649 1045 1734 Censores;
1074 1672 1190 1716 nec
1210 1651 1328 1714 alio
1350 1650 1634 1716 trahendi
1664 1650 1989 1715 decemviri
2024 1646 2104 1737 2)
2146 1660 2208 1713 et
2244 1648 2505 1712 Tribuni
2553 1726 2556 1731 .

490 1760 757 1827 Militum
784 1764 1089 1829 consulari
1110 1774 1397 1849 potestate
1434 1760 1534 1850 3).
1569 1764 1661 1828 De
1693 1762 1998 1827 AEdilibus
2021 1761 2353 1827 Curulibus
2374 1810 2393 1844 ,
2425 1760 2504 1827 de

493 1873 904 1954 Quaestoribus
923 1924 942 1960 ,
977 1877 1125 1940 item
1154 1874 1230 1939 de
1251 1876 1721 1941 Proconsulibus
1739 1924 1757 1960 ‚
1783 1886 1946 1941 extra
1967 1874 2247 1940 ordinem
2269 1874 2504 1939 scilicet

400 2061 411 2074 ‚
491 1988 768 2053 creandis
822 1990 851 2079 (
867 2013 921 2055 v.
964 1989 1027 2073 §.
1075 1986 1272 2076 245.)
1293 2038 1312 2074 ‚
1366 1991 1835 2055 controversiam
1890 1986 2086 2055 video.
2156 1987 2386 2052 AEdiles
2440 1998 2503 2052 et

493 2100 835 2181 Quaestores
855 2150 874 2186 ‚
939 2104 1214 2189 quamvis
1276 2124 1403 2166 non
1462 2125 1700 2187 semper
1734 2148 1753 2184 ‚
1824 2101 2084 2165 comitiis
2145 2098 2498 2164 centuriatis

491 2225 720 2280 creatos
739 2264 758 2300 ,
788 2214 1101 2280 contendit
1137 2215 1396 2280 Schulze
1434 2213 1510 2302 4)
1528 2264 1567 2298 ,.
1587 2214 1664 2279 de
1697 2213 2167 2304 Rroconsulibus
2182 2212 2379 2295 idem,
2407 2212 2498 2275 nil

491 2326 628 2413 lege
647 2338 899 2391 cautum
928 2327 1113 2391 fuisse
1141 2323 1242 2413 5).
1281 2328 1333 2391 E
1354 2326 1764 2392 sacerdotibus
1785 2326 1864 2392 ad
1891 2326 2137 2391 comitia
2157 2326 2496 2391 centuriata

488 2465 652 2507 unus
676 2445 808 2508 Rex
828 2443 1149 2507 Sacrorum
1165 2490 1183 2526 ,
1206 2463 1409 2528 neque
1428 2441 1531 2506 hic
1550 2442 1632 2506 ab
1652 2441 1941 2506 omnibus
1966 2439 2226 2506 trahitur
2259 2439 2359 2530 6).
2475 2433 2478 2440 ¹

557 2607 617 2673 1)
657 2607 735 2656 Cf.
773 2606 899 2656 Gell.
940 2604 1031 2669 15,
1072 2603 1312 2669 izi-2)
1350 2604 1457 2653 Σίν.
1489 2603 1553 2668 ὅ,
1590 2602 1835 2668 &xa—5)
1867 2603 1944 2653 Cf.
1977 2602 2085 2653 Liv.
2118 2603 2179 2668 5,
2218 2604 2302 2656 52.
2342 2603 2504 2656 Aliter

485 2694 746 2748 euadered
758 2733 773 2760 ‚
796 2696 862 2746 54
884 2699 937 2744 et
960 2694 1025 2744 56
1042 2730 1061 2758 2
1096 2693 1149 2741 in
1166 2692 1333 2759 priore
1362 2691 1578 2741 editione
1594 2691 1723 2741 malo
1739 2690 2013 2741 adfirmavi.
2031 2719 2092 2729 —
2115 2690 2179 2758 4)
2199 2691 2260 2742 Ρ.
2281 2692 2398 2743 517.
2417 2711 2494 2761 sq.

490 2814 552 2825 -
573 2787 636 2854 5)
660 2788 719 2837 P.
741 2787 859 2836 320.
880 2812 944 2824 -
965 2785 1027 2851 e)
1051 2784 1126 2834 cr.
1149 2783 1354 2834 schulze
1374 2798 1429 2848 p.
1450 2782 1579 2847 550,
1601 2782 1729 2832 eeu.
1754 2781 1845 2847 15,
1871 2781 1955 2831 ΞΤ.

582 2950 729 3014 157.
776 2948 969 3034 Leges
998 2946 1259 3011 comitiis
1283 2945 1638 3011 centuriatis
1652 2944 1839 3029 jussae
1858 2993 1877 3029 ‚
1910 2946 2080 3033 leges
2103 2946 2494 3031 centuriatus,

394 3143 400 3148 θ
488 3074 559 3145 ut
580 3074 823 3129 senatus
858 3062 1216 3127 auctoritate
1237 3061 1554 3146 propositae
1575 3108 1594 3143 ‚
1624 3060 1710 3124 sic
1731 3061 1973 3146 proprie
1995 3061 2160 3147 leges
2180 3060 2496 3146 adpellatae
2543 3073 2544 3076 ’

430 3161 437 3168 ’
492 3179 591 3268 (§.
626 3175 870 3264 .262.),
905 3200 942 3242 a
978 3176 1310 3262 plebiscitis
1351 3174 1448 3265 (§.
1494 3171 1726 3261 170.)‚
1767 3187 1829 3240 et
1866 3176 2117 3239 nomine
2140 3186 2247 3259 ,et
2283 3174 2394 3239 diu
2436 3173 2497 3238 vi

485 3294 668 3357 etiam
712 3292 959 3356 diversae
997 3291 1250 3354 fuerunt
1271 3337 1289 3373 ,
1317 3290 1599 3353 universo
1621 3289 1844 3374 populo
1865 3337 1884 3373 ‚
1923 3310 2045 3353 non
2069 3289 2236 3374 plebi
2256 3282 2497 3353 tantuin

468 3407 641 3472 latae,
693 3406 950 3471 Easdem
996 3406 1125 3469 fere
1170 3403 1248 3468 de
1291 3403 1655 3487 gravissimis
1698 3403 1879 3468 rebus
1921 3403 2107 3467 fuisse
2128 3450 2147 3486 ‚
2189 3402 2497 3467 veteribus

485 3531 835 3585 memoratae
875 3517 1167 3601 suadent,
1215 3519 1377 3581 inter
1427 3540 1578 3603 quas
1629 3518 1724 3582 lex
1779 3518 2021 3587 Valeria
2060 3516 2138 3581 de
2192 3538 2499 3602 provoca-⁴
2543 3527 2547 3532 ’

483 3632 650 3697 tione
698 3630 813 3718 1),
854 3640 947 3712 et,
989 3640 1254 3701 extrema
1286 3627 1419 3711 jam
1453 3628 1766 3711 libertate,
1809 3629 1905 3692 lex
1942 3628 2019 3693 de
2053 3627 2388 3693 revocando
2415 3620 2513 3693 ab

484 3746 660 3810 exilio
679 3744 990 3809 Cicerone.
1016 3743 1169 3824 Quae
1203 3751 1447 3824 autem,
1472 3742 1766 3828 neglectis
1780 3741 1913 3827 jam
1935 3742 2182 3807 curiatis
2201 3744 2493 3832 comitiis,

484 3856 837 3922 centuriatis
884 3855 1142 3942 propriae
1162 3902 1179 3937 ,
1231 3875 1370 3940 quae
1423 3873 1783 3920 communes
1817 3877 1964 3919 cum
2003 3854 2246 3919 tributis
2289 3855 2490 3942 leges,

483 3970 606 4035 sive
626 3982 768 4035 ante
785 3971 907 4035 sive
928 3979 1059 4058 post
1076 3969 1280 4055 legem
1302 3968 1617 4036 Horatiam
1637 3980 1699 4033 et
1720 3970 2102 4035 Hortentiam
2133 3970 2157 4059 (
2167 3966 2228 4052 §.
2265 3972 2344 4034 17
2352 3972 2413 4034 O.
2428 3968 2490 4057 )‚

485 4083 749 4167 fuerint,
772 4105 951 4149 nemo
976 4131 996 4167 ‚
1026 4082 1242 4171 opinor
1267 4130 1286 4169 ‚
1314 4080 1550 4169 liquide
1587 4081 1955 4170 expedierit,
1982 4106 2185 4171 neque
2214 4084 2365 4150 tanti
2398 4094 2490 4148 cst
