3111 4829
1338 410 1658 509 (13)‘

432 588 467 631 a
504 565 938 652 Septentrione
981 562 1156 628 finita
1175 611 1193 644 ,
1233 561 1449 627 exinde
1485 562 1553 625 in
1584 560 1826 626 ltaliam
1863 561 2237 648 superiorem
2261 608 2279 645 ,
2311 583 2449 626 me-

432 680 594 746 diam
624 703 693 745 er
721 680 1110 762 inferiorem,
1142 678 1646 764 superior·autem
1680 676 1747 741 in
1773 676 2041 742 Galliam
2070 676 2445 761 Cisalpinam

433 796 532 884 (§.
578 792 726 882 10.)
759 796 855 860 vel
883 804 1147 880 togatam
1172 842 1190 879 ,
1233 804 1294 858 et
1335 792 1652 880 Liguriam
1696 791 1906 858 divisa.
1956 791 2446 857 Galliam-Cisal-

430 908 636 994 pinam
666 908 864 973 Padus
888 909 914 999 (
931 904 1271 996 Eridanus)
1298 954 1317 990 ,
1360 906 1616 973 Adria'm
1653 917 1867 992 petens
1889 954 1909 990 ,
1936 906 2006 969 iu
2040 904 2446 991 Cispadanam

428 1035 488 1090 et
536 1022 1007 1110 transpadanam
1041 1022 1324 1110 partitur.
1363 1022 1416 1087 E
1444 1021 1698 1108 reliquis
1728 1020 2094 1087 fluminibus
2113 1021 2183 1084 in
2209 1017 2449 1085 Padum

425 1161 460 1205 a
501 1139 928 1225 septentrione
968 1136 1202 1220 Duria,
1239 1135 1522 1218 Ticinus,
1562 1133 1784 1201 Addua
1814 1131 2079 1224 (Adda)
2107 1182 2126 1218 ,
2151 1134 2449 1217 Mincius,

426 1274 462 1315 a
506 1251 759 1316 Meridie
797 1251 1070 1316 Tanarus
1101 1259 1164 1315 et
1207 1248 1464 1332 Trebia,
1504 1249 1573 1313 in
1603 1270 1771 1315 mare
1797 1247 2183 1314 Adriaticum
2206 1245 2449 1313 Athesis

424 1366 619 1433 Plavis
639 1380 702 1434 et
741 1367 1026 1432 Timavus
1068 1363 1362 1431 influunt.
1412 1365 1487 1429 In
1520 1365 1778 1430 lacubus
1802 1364 2083 1431 Benacus
2112 1361 2341 1454 (Laqo
2368 1361 2448 1427 de·

431 1479 806 1567 Guarda),
838 1481 1052 1546 Larius
1094 1477 1318 1568 (Laqo
1374 1477 1450 1544 di
1495 1478 1730 1565 Como)
1757 1528 1776 1564 ‚
1828 1480 2152 1548 Verbanus
2217 1476 2447 1567 (Laqo

422 1592 847 1684 Maqqiore);
877 1594 944 1658 in
977 1592 1289 1657 montibus
1316 1592 1557 1676 Cottiae,
1588 1591 1794 1678 Grajae
1816 1604 1879 1657 et
1902 1592 2195 1658 Penninae
2221 1591 2407 1677 Alpes
2425 1637 2447 1675 ,

421 1707 494 1771 in
532 1708 774 1795 populis
818 1707 1111 1790 Taurini,
1135 1706 1423 1772 Insubres
1446 1755 1463 1790 ,
1515 1708 1898 1801 Cenomani,
1937 1709 2249 1790 Senones,
2301 1704 2443 1788 Boji

420 1822 772 1909 Lingones3
836 1822 910 1886 In
971 1820 1229 1886 urbibus
1259 1870 1279 1904 ,
1331 1843 1468 1909 quae
1523 1823 1855 1891 maximam
1898 1833 2136 1908 partem
2179 1819 2437 1886 colonias

418 1939 720 2003 Romame
743 1985 764 2013 ,
812 1950 978 2002 trans
1026 1936 1265 2003 Padum
1327 1937 1653 2025 Tergeste,
1698 1938 1987 2025 Aquileja
2011 1987 2030 2021 ,
2084 1916 2470 2022 Patavium,-

420 2053 702 2121 Vioentia
732 2101 751 2134 ,
800 2053 1045 2121 Verona
1074 2101 1091 2135 ,
1139 2053 1388 2117 Mantua
1410 2100 1428 2135 ,
1477 2051 1780 2118 Cremona
1805 2098 1831 2128 ,
1884 2052 2090 2117 Brixia
2112 2100 2131 2136 ,
2191 2050 2442 2116 Medio-

418 2166 631 2230 lanum
652 2215 669 2250 ,
691 2167 977 2274 Ticinum
1016 2163 1348 2255 (Pania),
1386 2167 1669 2250 Augusta
1702 2166 2114 2230 Taurinorum
2141 2164 2237 2246 (T
2233 2161 2445 2251 urin),

418 2278 736 2362 Vercellae,
759 2279 846 2343 cis
867 2277 1106 2343 Padum
1127 2278 1447 2358 Ravenna,
1466 2277 1706 2341 Felsina
1733 2276 2036 2362 (Bononia
2055 2324 2073 2359 ,
2096 2272 2444 2365 Boloq'na),

417 2390 657 2455 Mutina
673 2438 690 2473 ,
707 2389 963 2472 Parma3
990 2388 1319 2454 Placentia.
1344 2388 1597 2475 Liguria
1624 2388 1960 2479 (Ligures),
1987 2389 2149 2456 inter
2175 2390 2444 2457 Macram

416 2514 484 2568 et
505 2504 740 2571 Varum
768 2551 787 2587 ,
826 2503 1010 2568 urbes
1032 2502 1218 2568 habet
1254 2503 1575 2589 Genuam,
1603 2504 1813 2571 Astam
1838 2554 1856 2591 ,
1889 2506 2156 2574 Nicaeam
2181 2555 2199 2592 ,
2216 2506 2443 2573 Albam

411 2603 773 2703 Pompejam
799 2665 818 2700 ,
864 2617 1214 2683 Libarnam.

515 2734 617 2796 13.
666 2731 862 2796 ltaliae
887 2731 1251 2819 antiquioris
1281 2754 1421 2819 pars
1442 2736 1717 2821 superior
1740 2782 1760 2818 ,
1787 2758 1975 2824 quam
1996 2736 2267 2804 mediam
2292 2737 2442 2807 fecit

415 2843 714 2911 accedens
736 2843 937 2910 Gallia
959 2845 1264 2932 Cisalpina
1283 2893 1310 2925 ,
1335 2870 1372 2913 a
1392 2849 1724 2915 Rubicone
1746 2861 1808 2915 et
1834 2853 2035 2919 Macra
2068 2853 2149 2919 ad
2169 2855 2439 2921 Silarum

412 2969 480 3022 et
517 2959 884 3046 Frentonem
923 2960 1238 3045 pertinens
1260 3009 1278 3044 ,
1325 2972 1547 3048 praeter
1587 2962 1748 3048 haec,
1795 2963 2053 3033 flumina
2090 2966 2277 3034 habet
2311 2968 2436 3034 Ar-

414 3093 571 3138 num
595 3121 615 3156 ,
650 3072 923 3137 Tiberim
958 3073 1322 3151 (Albula),
1367 3075 1676 3142 Anionem
1723 3078 2083 3165 (Teoerone
2107 3084 2130 3168 )
2142 3126 2170 3158 ,
2207 3082 2438 3166 Lirim,

411 3188 793 3256 Vulturnum
817 3235 836 3270 ,
861 3187 1163 3252 Aternum
1188 3237 1206 3270 ,
1250 3189 1598 3255 Metaurum
1624 3240 1641 3275 ,
1664 3192 1991 3258 Tifernum
2017 3241 2035 3277 ,
2079 3194 2250 3259 lacus
2278 3194 2435 3265 Vol-

416 3300 782 3398 siniensem,
825 3301 1252 3366 Trasimenum
1310 3314 1373 3367 et
1414 3305 1737 3392 Regillum
1764 3357 1781 3391 ,
1839 3320 2116 3373 montem
2151 3310 2439 3396 Apenni-
2497 3341 2502 3344 ¹

412 3438 591 3481 num.
624 3416 699 3480 ln
740 3413 959 3481 eadem
1007 3426 1207 3501 partes
1248 3414 1684 3504 distinguimus
1721 3421 1802 3486 ad
1845 3422 2282 3508 Occidentem,
2313 3424 2440 3491 sive

413 3553 586 3596 mare
610 3529 998 3618 Tyrrhenum
1031 3529 1382 3614 (Tuscum,
1406 3532 1754 3624 inferum),
1795 3537 2110 3603 Etruriam
2148 3537 2439 3625 (Tuscia,
2531 3567 2536 3571 ·

411 3641 787 3733 Tyrrhenia)
817 3693 834 3728 ,
863 3643 1108 3709 Latium
1129 3691 1148 3728 ,
1175 3643 1571 3730 Campaniam
1589 3694 1613 3724 ‚
1639 3648 1720 3713 ad
1739 3649 2122 3716 Adriaticum
2168 3649 2434 3739 (Adria,

409 3780 708 3845 superum
729 3808 748 3843 ,
788 3757 1085 3849 Ionium)
1132 3759 1452 3826 Umbriam
1474 3810 1492 3845 ,
1534 3762 1834 3828 Picenum
1855 3812 1874 3848 ,
1916 3764 2227 3849 Vestinos,
2266 3767 2432 3832 Mar-

409 3874 702 3956 rucinos,
747 3874 1077 3940 Frentanos
1099 3923 1119 3959 ,
1162 3875 1399 3943 medios
1448 3876 1706 3942 Sabinos
1729 3924 1748 3962 ,
1795 3879 2054 3962 Marsos,
2102 3881 2386 3968 Pelignos
2411 3929 2432 3965 ,

408 3988 738 4054 Samnium
765 4036 783 4071 ,
823 3989 1129 4076 Hirpinos.
1180 3991 1442 4057 Etruriae
1492 3991 1727 4057 flumen
1775 3993 2138 4079 primarium
2181 3996 2430 4078 Arnus;

408 4124 482 4170 ex
528 4100 789 4169 urbibus
814 4151 833 4190 ,
873 4127 1137 4193 quarum
1188 4105 1515 4176 duodecim
1579 4106 1885 4180 foederatae
1939 4134 1977 4177 a
2025 4109 2432 4178 vetustissimo
