3111 4829
1562 348 1814 432 (460)

768 486 918 553 465.
972 486 1151 552 Cibos
1179 503 1520 570 pauperum
1539 530 1559 564 ,
1585 482 1794 568 quales
1817 483 2284 569 contingerent,
2310 483 2498 548 fuisse
2516 530 2534 565 ,
2562 503 2697 546 non

679 625 831 689 opus
858 613 946 666 est
971 621 1259 681 monere3
1290 597 1502 662 divites
1522 593 1674 682 quid
1703 617 1948 681 quoque
1971 597 2189 660 saeculo
2214 597 2352 683 plus
2377 596 2694 677 minusve,

679 714 831 802 quid
869 713 1082 799 pauci,
1127 710 1277 798 quid
1325 707 1574 796 plurimi
1615 709 1915 789 amarint,
1956 711 2143 790 item,
2183 707 2335 796 quid
2382 709 2448 771 in
2492 709 2696 794 capite

679 849 869 892 coenae
901 846 1208 889 summum
1233 873 1249 906 ,
1283 820 1429 908 quid
1472 819 1755 883 infimum
1789 820 1971 883 suerit
1994 869 2010 902 ,
2052 842 2247 906 quove
2278 822 2409 885 loco
2451 821 2699 907 singula

675 939 907 1004 fercula
935 940 1122 1024 posita
1148 985 1164 1020 ,
1203 935 1559 1021 antiquariis
1594 934 1993 1019 relinquimus
2019 983 2035 1016 ,
2063 937 2241 1019 olim,
2272 917 2425 1021 *quot
2461 936 2695 1022 cuique

673 1053 938 1125 convivae
984 1071 1171 1115 nuces
1211 1048 1539 1134 adpositae,
1585 1048 1989 1133 suspicaturis.
2042 1048 2221 1116 Gulae
2264 1052 2695 1116 Romanorum

667 1166 973 1230 luxuriam
992 1213 1008 1246 ,
1044 1161 1342 1249 quidquid
1370 1163 1733 1226 recentiores
1763 1163 2055 1225 eximium
2099 1162 2424 1247 invenere,
2456 1164 2689 1226 fercu-

673 1278 876 1342 lorum
907 1276 1077 1361 copia
1117 1272 1212 1362 1),
1243 1275 1483 1339 raritate
1525 1286 1586 1339 et
1625 1275 1813 1360 pretio
1861 1271 1966 1362 2),
2004 1274 2399 1339 condimento
2422 1325 2439 1358 ,
2468 1275 2697 1339 minis-

673 1387 1095 1478 trantium(§.
1133 1384 1323 1473 495.)
1356 1410 1612 1452 numero
1657 1383 1760 1475 3),
1814 1388 2268 1464 comissantium
2315 1390 2500 1456 etiam
2548 1400 2693 1453 tur-

677 1503 955 1590 pitudine
984 1525 1248 1588 aequasse
1268 1552 1285 1587 ,
1312 1513 1418 1566 aut
1447 1524 1753 1587 superasse
1768 1551 1799 1600 ,κ
1812 1503 2055 1566 Horatio
2082 1500 2263 1592 (Sat.
2294 1508 2367 1587 2,
2400 1510 2435 1568 4
2460 1514 2521 1567 et
2545 1500 2651 1590 8.)
2674 1553 2696 1588 ,

677 1616 909 1690 Seneca
933 1664 949 1697 ,
997 1614 1277 1679 Petronio
1301 1662 1317 1695 ,
1361 1614 1691 1695 Juvenalc,
1723 1614 1989 1682 Martiale
2015 1662 2031 1695 ,
2070 1615 2391 1697 Suetonio,
2435 1616 2698 1701 aliisque

675 1729 929 1791 testibus
965 1726 1334 1798 contendere
1380 1728 1582 1810 possis.
1610 1726 2051 1810 .Turpitudinis
2094 1728 2335 1814 insigne
2362 1751 2494 1792 mos
2534 1751 2699 1793 ven-.-

672 1853 830 1905 trem
864 1840 1089 1902 vomitu
1121 1838 1463 1923 repetendis
1491 1839 1691 1922 epulis
1728 1835 2019 1902 evacuare
2062 1837 2149 1932 4).

747 2022 796 2086 1)
822 2021 897 2071 Cl'.
930 2021 1202 2083 Juven.1‚
1225 2019 1317 2083 94,
1343 2019 1559 2068 Muci-oh.
1596 2019 1657 2083 2,
1694 2018 1746 2068 9.
1765 2046 1827 2059 -
1850 2021 1901 2084 2)
1926 2022 2002 2070 Cf.
2026 2023 2205 2071 Juven.
2232 2024 2331 2086 11,
2367 2024 2479 2074 138.
2516 2040 2635 2088 sqq,
2664 2062 2688 2090 ,

679 2112 821 2161 mart.
849 2111 943 2172 10,
966 2110 1058 2174 51,
1083 2110 1248 2156 Manu.
1271 2107 1302 2156 5
1322 2145 1337 2172 ‚
1361 2108 1475 2156 570.
1495 2109 1624 2155 min.
1648 2108 1714 2170 9,
1742 2108 1822 2158 17.
1843 2137 1902 2145 -
1924 2108 1977 2176 3)
1997 2111 2110 2159 sen.
2132 2111 2243 2175 Ep.
2267 2099 2367 2178 ss,
2390 2114 2434 2163 o
2452 2116 2528 2162 acc
2549 2115 2702 2179 bont,

676 2209 926 2265 quantum
947 2202 1209 2249 hominum
1229 2214 1369 2250 unus
1390 2205 1558 2247 venter
1577 2203 1805 2263 exercete
1827 2224 1890 2240 -
1907 2199 1958 2259 ⁴)
1982 2201 2056 2250 cf.
2084 2201 2197 2251 Son.
2221 2204 2283 2252 do
2301 2203 2452 2254 Com.
2470 2203 2530 2270 9,
2550 2204 2702 2264 Suet,

685 2291 857 2341 Viteu.
883 2290 963 2340 1³.

654 2451 657 2455 ’
771 2439 921 2499 466.
970 2434 1063 2497 De
1113 2430 1295 2495 rebus
1331 2427 1638 2511 delicatis,
1678 2430 1946 2513 mirum,
1999 2432 2050 2494 si
2095 2443 2277 2518 gustu
2326 2434 2700 2522 judicioque

679 2554 839 2614 inter
873 2560 1096 2611 veteres
1125 2556 1183 2608 et
1233 2545 1592 2608 recentiores
1623 2566 1745 2607 non
1791 2545 2178 2629 conveniret,
2227 2558 2305 2611 et·
2336 2570 2476 2612 vero
2518 2552 2702 2613 anti·-

684 2662 880 2748 quarii
912 2660 1167 2740 docent,
1202 2679 1406 2741 apros,
1431 2679 1693 2742 quorum
1725 2657 2003 2740 inprimis
2026 2659 2315 2745 frequens
2342 2662 2569 2726 mentio
2600 2660 2701 2750 1),

683 2786 744 2839 et
772 2796 948 2858 capos
993 2768 1059 2857 2)
1102 2771 1218 2834 illis
1261 2780 1320 2833 et
1361 2768 1569 2839 turdos,
1607 2767 1712 2853 3),
1752 2768 2065 2854 phasianos
2101 2769 2166 2858 4)
2212 2774 2360 2837 item
2387 2786 2446 2839 et
2491 2785 2701 2842 ostrea

678 2885 953 2973 jucunda
981 2880 1076 2972 5),
1102 2896 1161 2949 et
1198 2883 1414 2968 leporis
1453 2905 1684 2966 armoe,
1715 2893 1775 2945 et
1804 2884 2028 2947 anseris
2051 2884 2232 2967 jecur
2261 2883 2329 2973 6)
2359 2887 2423 2950 iu
2454 2885 2702 2953 deliciis

684 2978 886 3064 fuisse.
914 3001 1068 3064 Sunt
1091 3008 1295 3087 tamen
1324 3008 1385 3060 et
1409 2995 1708 3060 veteribus
1731 2996 1947 3060 eximie
1971 2998 2313 3082 praedicata,
2339 3022 2476 3087 quae
2498 3023 2699 3087 nunc,

684 3115 804 3179 sive
848 3113 1076 3199 perdita
1113 3109 1430 3202 saginandi
1465 3120 1572 3177 aut
1608 3107 1932 3175 condiendi
1970 3121 2136 3193 arte,
2171 3111 2293 3175 sive
2317 3134 2697 3201 quacunque

684 3227 761 3293 de
785 3249 963 3292 causa
982 3276 998 3309 ‚
1023 3226 1116 3289 vel
1151 3224 1548 3310 negliguntur
1574 3223 1665 3285 vel
1708 3221 2012 3299 fastidiosa
2036 3224 2218 3292 etiam
2240 3238 2585 3295 censentur.
2612 3229 2697 3299 In

680 3338 813 3425 his,
843 3339 1131 3403 doctiores
1153 3335 1431 3417 videant,
1455 3356 1533 3397 an
1570 3334 1944 3418 potissimum
1976 3336 2273 3419 ponendae
2296 3339 2567 3403 lusciniae
2594 3338 2697 3426 7),
2732 3344 2749 3362 ”

680 3475 938 3543 pavones
964 3450 1064 3539 8),
1090 3472 1267 3542 grues
1291 3444 1378 3534 9).
1406 3448 1456 3525 E
1480 3447 1743 3533 piscibus
1775 3445 1881 3534 10)
1907 3496 1923 3529 ,
1949 3469 2072 3522 non
2095 3449 2305 3513 dubito
2331 3499 2348 3534 ,
2371 3454 2521 3540 quin
2555 3450 2693 3518 huc

679 3590 803 3634 non
830 3588 989 3635 unus
1013 3562 1374 3645 trahendu33
1397 3563 1460 3626 in
1482 3563 1691 3648 primis
1715 3561 2042 3627 laudantur
2065 3562 2358 3631 rhombus
2388 3563 2516 3655 ll),
2535 3587 2699 3631 mu«

678 3705 838 3748 raena
878 3679 984 3768 12)
1011 3729 1027 3757 ,
1069 3679 1294 3744 mullus
1337 3674 1477 3766 13),
1526 3700 1769 3759 scarus,
1796 3689 1855 3741 et
1893 3677 1969 3742 ad
2012 3679 2173 3742 tibiae
2214 3701 2432 3744 sonum
2476 3702 2698 3748 coena-

675 3798 828 3861 tioni
866 3798 1068 3860 illatus
1114 3796 1427 3880 acipenser
1486 3789 1613 3879 14).
1660 3794 1828 3856 Inter
1875 3803 2129 3860 testacea
2170 3815 2400 3859 mensa}
2438 3796 2697 3881 quaesita

676 3920 866 3974 ostrea
890 3958 906 3991 ,
944 3908 1186 3991 echini,
1212 3908 1474 3973 murices
1497 3956 1513 3986 ,
1537 3906 1806 3995 pectines
1844 3903 1973 3993 15).
2008 3907 2101 3971 De
2130 3906 2393 3973 cochleis
2418 3956 2435 3991 ,
2459 3890 2697 3983 mensa>

673 4022 840 4106 altis,
869 4022 1008 4089 vide
1042 4024 1218 4093 Varr.
1249 4021 1326 4091 de
1349 4018 1430 4095 R.
1457 4019 1540 4093 R.
1591 4025 1629 4086 3
1650 4069 1669 4104 ,
1716 4022 1829 4107 14,
1863 4021 2023 4095 Ptin,
2051 4024 2091 4087 9
2115 4068 2133 4105 ,
2183 4020 2290 4093 56.
2318 4022 2369 4099 Ε
2405 4022 2702 4110 quadrua
