3111 4829
1509 402 1536 482 (
1577 402 1698 465 286
1739 401 1763 484 )

618 536 901 622 gentium
939 534 1342 622 expositione,
1382 555 1571 622 quam
1614 537 1757 599 liu'e
1799 538 2326 603 mactationem
2366 533 2454 624 9)
2495 536 2643 601 fucit

615 650 867 735 Dupont
899 646 1038 736 10),
1064 659 1347 713 accurate
1380 648 1761 714 constituens
1782 697 1800 733 ,
1828 671 1937 735 pro
1978 671 2178 714 causae
2206 659 2426 716 natura
2460 646 2640 734 judi-

615 783 752 827 cem
772 811 790 844 ‚
822 784 1091 849 eumque
1122 762 1261 849 lege
1300 762 1544 829 Pinaria
1574 761 1664 851 (a.
1698 759 1921 852 623?)
1963 764 2029 828 in
2056 764 2254 829 XXX.
2296 761 2459 830 diem
2488 810 2505 846 ‚
2542 764 2639 826 vel

612 874 954 960 arbitrum,
995 886 1065 940 ut
1103 874 1367 941 diximus
1402 872 1495 966 (§.
1524 878 1659 943 267
1679 888 1743 942 et
1765 873 1999 964 268.),
2038 878 2135 942 vel
2179 888 2641 964 recuperatores
2736 899 2746 912 ³

612 986 838 1073 dabat,
867 1000 975 1054 aut
1013 1011 1146 1054 rem
1178 991 1606 1055 centumvirali
1633 990 1873 1076 judicio
1904 991 2314 1078 permittebat.
2351 990 2638 1075 sudines,

579 1138 583 1142 <
610 1124 765 1189 quos
787 1113 1162 1168 sacramento
1186 1100 1375 1169 fidem
1405 1103 1677 1190 profiteri
1712 1105 1807 1169 lex
1824 1103 2086 1190 jubebat
2116 1102 2261 1193 11),
2290 1103 2637 1170 secundum

572 1235 578 1246 ·
613 1216 964 1302 formulam,
990 1241 1026 1283 a
1049 1216 1310 1283 Praetore
1335 1214 1543 1284 datam
1570 1217 1665 1310 (§.
1693 1218 1901 1307 268.),
1923 1241 2057 1283 rem
2081 1215 2460 1285 dirimebant
2493 1216 2636 1305 12);

609 1329 662 1394 si
703 1330 889 1396 nimis
928 1330 1221 1418 ambigua
1260 1342 1448 1416 esset,
1489 1331 1761 1397 dicentes
1782 1381 1800 1416 ‚
1852 1332 1968 1396 sibi
2012 1354 2138 1397 non
2187 1332 2426 1420 liquere
2473 1329 2632 1421 13),

608 1458 733 1530 quo
750 1443 1060 1529 judicium
1091 1444 1160 1509 in
1189 1447 1374 1512 aliam
1412 1446 1580 1512 diem
1604 1446 2032 1531 differebatur3
2074 1457 2365 1511 caeterum
2408 1444 2485 1510 ad
2514 1465 2635 1510 oo-

608 1557 948 1642 gnitionem
992 1558 1218 1624 amicos
1238 1610 1257 1645 ‚
1285 1558 1618 1647 prudentes
1659 1561 1923 1625 maxime
1945 1608 1965 1644 ,
1997 1558 2291 1624 adhibere
2328 1558 2636 1642 solebant,

604 1669 723 1756 ipsi
758 1693 914 1757 saepe
936 1672 1096 1758 juris
1133 1672 1333 1758 ignari
1369 1669 1501 1760 14).
1549 1674 1641 1739 De
1680 1673 1921 1738 arbitris
1943 1722 1962 1758 ‚
1996 1674 2530 1760 recuperatoribus
2572 1685 2635 1740 et

606 1785 1003 1849 centumvir-is
1045 1808 1098 1851 v.
1129 1787 1190 1870 §.
1234 1787 1365 1852 267
1398 1797 1460 1850 et
1511 1787 1667 1852 268.
1698 1785 1792 1851 Ad
1827 1786 2137 1871 judicium
2186 1788 2317 1852 sine
2358 1789 2633 1875 legitima

603 1919 787 1963 causa
817 1920 942 1963 non
981 1920 1341 1985 comparens
1388 1897 1588 1965 edicto
1630 1922 1755 1964 uno
1799 1912 1905 1964 aut
1951 1900 2232 1986 pluribus
2256 1949 2274 1984 ,
2306 1900 2411 1966 sed
2452 1901 2629 1965 tertio

597 2014 988 2098 peremtoria
1020 2011 1361 2096 citabatur,
1398 2011 1503 2076 cui
1543 2012 1594 2074 si
1630 2034 1754 2076 non
1795 2013 2124 2098 paruisset,
2152 2014 2417 2079 absentis
2446 2035 2629 2079 causa

598 2123 874 2209 judicata
910 2125 1157 2191 vincere
1193 2137 1402 2191 tamen
1435 2137 1671 2212 poterat
1700 2123 1830 2212 15).

667 2262 721 2329 1)
739 2262 816 2312 Cs.
834 2263 947 2312 Not.
969 2262 1033 2312 ad
1066 2259 1112 2332 §-
1131 2261 1223 2312 271
1235 2279 1321 2313 aa.
1340 2263 1441 2312 loc.
1478 2263 1583 2327 ani
1617 2262 1651 2312 4
1668 2300 1685 2326 ,
1722 2264 1809 2314 ⁴6.
1828 2289 1893 2305 -
1912 2263 1965 2329 2)
1985 2264 2062 2313 Cf.
2085 2264 2250 2315 mant.
2274 2267 2419 2316 Pon.
2456 2266 2493 2316 δ
2509 2299 2526 2330 ‚
2558 2267 2592 2318 6
2611 2303 2630 2333 ,

600 2351 696 2417 45,
719 2352 890 2402 Horat.
913 2352 1024 2402 Sat.
1044 2352 1071 2400 1
1086 2389 1101 2419 ‚
1124 2352 1158 2401 9
1176 2388 1192 2416 ,
1212 2352 1299 2403 75.
1323 2369 1435 2419 sqq.
1455 2380 1517 2391 -
1536 2353 1590 2419 ὅ)
1616 2353 1693 2402 cf.
1712 2353 1808 2403 xn
1838 2353 1998 2403 Tnbh.
2034 2355 2097 2405 do
2118 2354 2283 2421 injus
2302 2358 2549 2408 vocando.
2566 2382 2633 2398 -·

601 2426 1177 2505 o)cr.110rat.Sae.1‚
1199 2441 1262 2506 9,
1291 2442 1356 2490 36
1377 2479 1394 2505 ‚
1424 2440 1953 2507 021‚1‚11,vm0
1976 2443 2120 2491 αα..
2152 2443 2290 2494 L.5.
2314 2459 2368 2509 p.
2402 2443 2497 2511 59,
2522 2446 2632 2496 cio.

600 2532 664 2579 de
684 2531 785 2595 Off.
813 2532 878 2593 δ,
908 2530 971 2579 10
989 2567 1005 2593 ,
1041 2530 1232 2579 Διισοη.
1255 2529 1415 2595 Idyu.
1432 2568 1449 2595 ‚
1486 2531 1569 2581 12.
1590 2559 1651 2568 -
1668 2531 1731 2597 5)
1768 2530 1949 2581 Juven.
1973 2531 2007 2581 ὅ
2025 2569 2041 2595 ,
2084 2529 2200 2580 213.
2220 2559 2287 2571 -
2304 2532 2358 2597 6)
2393 2533 2458 2584 V.
2497 2533 2629 2600 Dup.

600 2619 719 2668 212.
743 2646 806 2658 -
828 2620 882 2685 7)
906 2618 984 2667 Cf.
1004 2619 1110 2669 Cic.
1130 2620 1340 2670 ath‘o.
1367 2619 1398 2670 8
1416 2657 1432 2684 ‚
1455 2619 1486 2670 8
1506 2658 1521 2685 ,
1544 2621 1653 2670 Liv.
1674 2621 1768 2684 δῦ,
1790 2621 1887 2685 47,
1913 2620 2119 2671 Panda.
2138 2620 2235 2683 59,
2260 2621 2294 2670 2
2313 2657 2331 2687 ,
2366 2621 2459 2687 18,
2478 2623 2529 2672 8.
2553 2624 2631 2673 Cf.

601 2707 732 2756 Gen.
751 2707 843 2770 14,
864 2710 918 2774 2,·
935 2710 1276 2761 &calumnia
1292 2711 1553 2760 damnari.
1576 2737 1637 2747 —-
1656 2710 1708 2769 8)
1728 2708 1805 2759 ef.
1825 2710 1930 2775 Cej.
1949 2706 2111 2769 4171
2134 2709 2300 2760 0:118ss
2315 2737 2377 2748 --
2395 2711 2449 2775 9)
2471 2712 2631 2761 Aliter

602 2796 893 2847 Heinocciut
910 2834 928 2863 ‚
959 2798 1059 2848 litis
1092 2800 1499 2849 conte-tationem
1536 2799 1600 2848 nd
1627 2797 1901 2847 dominium
1921 2797 2022 2846 litis
2054 2799 2344 2848 translatum
2367 2796 2450 2869 (S.
2474 2799 2627 2867 272.)

600 2888 836 2937 referens.
857 2916 918 2925 —-
939 2888 1022 2955 10)
1042 2888 1100 2938 Ρ.
1118 2888 1234 2938 215.
1254 2905 1368 2953 sqq.
1387 2887 1548 2948 -11)
1568 2889 1643 2937 Cf.
1664 2887 1769 2937 Cic.
1789 2904 1842 2952 p.
1861 2887 2016 2938 Foru.
2036 2886 2089 2935 9.
2106 2885 2188 2936 10.
2208 2915 2272 2926 -
2290 2887 2373 2949 12)
2393 2888 2456 2938 V.
2477 2889 2624 2939 Heia.

599 2976 634 3027 4
654 3015 670 3041 ‚
704 2977 737 3026 6
757 3014 773 3042 ,
791 2976 875 3027 ⁴1.
894 3006 956 3016 —
978 2977 1061 3045 13)
1085 2978 1161 3027 Cf.
1184 2979 1312 3028 Gen.
1338 2978 1430 3041 14,
1455 2978 1520 3041 2,
1544 2979 1731 3042 juravi
1748 2978 1879 3027 milei
1896 2993 2001 3026 non
2027 2977 2252 3041 liqueref
2272 2986 2425 3042 atque
2444 2980 2628 3043 flaja-

600 3067 775 3116 dicatu
794 3069 882 3116 illo
898 3070 1097 3117 solutus
1114 3085 1251 3118 cum.
1267 3066 1434 3131 -14)
1457 3068 1533 3117 cf.
1550 3068 1658 3119 Cio.
1683 3067 1835 3117 Vm.
1856 3066 1919 3132 2,
1936 3066 2033 3131 29,
2060 3066 2191 3117 Gell.
2217 3066 2310 3131 12,
2333 3067 2397 3118 13
2414 3103 2432 3133 ,
2452 3066 2517 3117 14
2532 3104 2549 3129 ,
2572 3068 2628 3119 2.

599 3158 769 3226 -15)
804 3158 935 3225 Dup.
953 3160 1070 3210 223.

689 3276 841 3340 274.
889 3275 964 3340 In
992 3276 1123 3363 ipsa
1147 3297 1356 3342 coram
1381 3274 1596 3360 judice
1622 3276 1864 3341 actione
1884 3321 1902 3359 ,
1924 3295 2151 3362 quem,
2180 3275 2300 3339 nisi
2326 3286 2628 3343 eentum-

599 3390 785 3455 virale
821 3401 929 3455 aut
956 3391 1477 3477 recuperatorium
1516 3390 1829 3475 judicium
1853 3438 1872 3475 ‚
1916 3412 2158 3478 semper
2200 3412 2400 3456 unum
2436 3392 2626 3456 fuisse

599 3500 862 3569 diximus
901 3498 1001 3591 (§.
1043 3507 1194 3570 268.
1214 3502 1241 3590 )
1263 3552 1281 3586 ‚
1311 3501 1765 3589 distinguendae
1803 3523 2003 3567 causae
2029 3502 2308 3567 collectio
2335 3511 2399 3564 ct
2425 3521 2620 3585 pero—

596 3618 747 3684 ratio
769 3669 788 3703 ‚
815 3618 921 3685 illa
948 3616 1347 3704 prudentium
1370 3666 1389 3703 ‚
1426 3640 1584 3706 quos
1624 3616 1930 3683 adhibitos
1972 3616 2276 3698 diximus,
2312 3612 2447 3678 haec
2485 3614 2620 3678 liti-

596 3733 876 3817 gantium
909 3731 1003 3797 vel
1045 3732 1319 3818 ipsorum
1346 3732 1442 3797 vel
1481 3742 1902 3818 patronorum.
1940 3725 2373 3793 Per-orantibus
2400 3772 2419 3809 ‚
2447 3748 2623 3792 more

594 3868 628 3909 a
654 3845 949 3930 Pompejo
986 3846 1070 3913 M.
1102 3846 1358 3912 inducto
1383 3896 1401 3930 ,
1442 3857 1681 3911 certum
1712 3845 1980 3930 spatium
2013 3838 2329 3927 clepsydra
2359 3838 2625 3905 dimen-

595 3979 732 4023 sum
757 3957 1206 4025 concedebatur
1237 3957 1324 4047 1).
1352 3960 1519 4025 Hinc
1539 3959 1636 4023 ad
1661 3956 2071 4046 olopaeydram
2104 3954 2322 4020 dicero
2335 4000 2361 4031 ,
2391 3976 2620 4043 aqere,

587 4072 812 4160 plures
847 4072 1223 4159 clepeydrae
1252 4074 1454 4150 dare,
1483 4095 1730 4161 aquom
1753 4072 2076 4137 sustinere
2094 4095 2122 4153 ,-
2150 4091 2332 4158 aqua
2362 4068 2629 4147 luet-015
