3111 4829
1543 390 1569 471 (
1614 388 1730 448 196
1774 390 1799 472 )

729 520 780 579 1)
816 519 890 567 Cs.
915 518 1087 566 Creuz.
1109 516 1157 585 §.
1184 518 1295 567 156.
1314 545 1376 554 —
1396 519 1449 578 2)
1471 518 1545 565 Cf.
1569 517 1675 566 Liv.
1698 519 1760 582 9,
1781 517 1873 581 41,
1896 518 1929 565 ὅ
1946 555 1961 582 ,
1980 519 2043 568 24
2062 523 2112 567 et
2129 519 2212 568 25.
2232 520 2338 568 Cic.
2360 520 2600 586 deRop.‚
2621 523 2685 585 2,

660 609 724 656 55
740 646 755 670 ‚
778 608 977 671 Dionys.
999 608 1035 655 1.
1057 607 1107 655 8.
1128 623 1180 672 p.
1211 606 1307 656 544
1325 613 1376 655 et
1394 606 1508 656 546.
1527 607 1557 654 J
1563 607 1731 655 udices
1748 623 1915 656 rerum
1932 608 2216 672 capitalium
2241 609 2613 675 (munienter),
2632 616 2692 660 ut

661 699 935 760 Quaestores
953 697 1261 761 parricidios‚
1282 697 1401 745 facit
1418 697 1628 745 Creuzer
1648 695 1722 765 (§.
1748 697 1894 762 156.)
1915 698 2118 747 Munere
2138 736 2153 762 ‚
2174 715 2276 762 quo
2292 705 2403 763 post
2422 699 2689 748 Triumviri

663 789 902 852 Capitales
917 824 932 850 ,
955 788 1150 835 functos
1172 802 1275 834 esse
1299 787 1572 848 Quaestores
1591 824 1606 850 ‚
1631 787 1781 837 tradit
1799 787 1955 836 Varro
1975 789 2044 852 (v.
2067 795 2233 839 uotam
2253 806 2359 852 seq.
2380 790 2397 854 )
2418 805 2434 854 3
2465 789 2550 838 sed
2572 805 2689 839 cum

664 879 741 928 his
761 879 1028 926 triumviris
1053 874 1128 945 (§.
1161 876 1308 938 215.)
1333 893 1433 925 non
1470 877 1808 926 confundendi
1831 877 2101 940 Quoestores
2132 878 2411 927 Parricidii.
2434 907 2493 915 —-
2513 878 2566 942 5)
2604 880 2691 928 De

665 968 729 1016 L.
746 969 808 1016 L.
830 968 867 1016 1.
892 967 951 1032 4,
974 984 1025 1033 p.
1051 966 1133 1014 22.
1156 965 1468 1030 Qu-oeotoreo,
1486 982 1520 1014 a
1538 968 1808 1029 quoerendo
1820 1001 1837 1029 ,
1858 968 1952 1030 qui
1972 969 2328 1030 conquirerent
2340 968 2577 1031 publicas
2594 985 2689 1030 po-

669 1061 855 1107 cum‘as
871 1093 889 1121 ,
914 1065 963 1105 et
982 1056 1257 1118 maleficia,
1283 1069 1397 1119 quw
1418 1057 1682 1103 triumviri
1706 1056 1948 1120 capitales
1971 1071 2111 1102 nunc
2134 1058 2480 1119 conquirunn·
2502 1056 2564 1105 ab
2586 1058 2693 1104 Ιιοὼ

663 1155 865 1212 postea,
891 1149 986 1211 qui
996 1148 1332 1211 quoesh‘onum
1341 1145 1547 1207 judicia
1571 1151 1798 1192 exercent
1812 1178 1828 1206 7
1854 1150 2122 1206 quw-stores
2139 1144 2283 1192 dicti.
2301 1172 2363 1180 —
2382 1144 2435 1204 4)
2458 1145 2533 1193 cf.
2558 1145 2692 1195 rest.

667 1240 718 1285 iu
759 1241 1067 1301 ρωπίαν-οη
1106 1238 1280 1300 Pomp.
1313 1238 1374 1284 de
1400 1235 1545 1298 Oriq.
1583 1233 1705 1282 Jur.
1747 1234 1908 1297 Diqq.
1943 1234 1978 1281 1.
2026 1234 2072 1283 1.
2112 1223 2152 1282 t.
2186 1234 2236 1282 2.
2272 1232 2316 1302 §.
2354 1234 2512 1282 22.—
2536 1236 2601 1301 5)
2630 1236 2691 1282 Iu

673 1329 908 1392 Quaestor
923 1364 941 1392 ,
986 1327 1268 1391 Quaesitor,
1306 1327 1606 1389 quw-stiones
1633 1331 1890 1392 perpetum
1907 1358 1924 1388 ,
1955 1323 2239 1388 Quoestores
2273 1324 2555 1373 Parricidii
2590 1324 2681 1386 (V.

672 1416 987 1490 §.155.)cs.
1012 1417 1167 1466 Varro
1189 1416 1226 1463 l.
1252 1431 1299 1466 c.

760 1588 909 1650 213.
959 1587 1046 1648 Ex
1077 1607 1147 1650 eo
1178 1585 1367 1670 igitur
1411 1582 1801 1663 Quaestorum
1831 1583 2209 1647 urbanorum
2257 1580 2319 1670 1)
2349 1584 2467 1646 fuit
2491 1603 2696 1669 pecu-

672 1700 837 1762 niam
871 1697 1181 1781 publicam
1209 1697 1450 1779 exigere
1476 1742 1493 1775 ,
1524 1716 1743 1778 cogere
1765 1743 1782 1774 ,
1814 1694 1879 1756 in
1903 1695 2115 1757 aerario
2143 1694 2440 1778 condere,
2468 1706 2562 1779 ct,
2586 1695 2701 1759 sub

672 1823 915 1876 senatus
940 1810 1296 1875 auctoritate
1320 1857 1336 1890 ,
1383 1809 1450 1872 in
1490 1808 1694 1872 obvias
1737 1810 2119 1873 necessitates
2139 1831 2391 1896 erogare
2420 1859 2438 1892 ,
2475 1833 2700 1896 accep-

674 1938 1004 2012 torumque
1034 1935 1095 1988 et
1123 1944 1526 2008 expensorum
1554 1923 1816 1986 rationes
1836 1921 2159 1987 conficere.
2184 1922 2360 1988 Unde
2391 1946 2501 2009 par
2533 1936 2703 2010 erat,

676 2042 754 2105 ad
800 2040 1046 2105 eosdem
1090 2040 1397 2125 pertinere
1439 2036 1710 2124 praedam
1747 2036 2033 2103 hostilem
2066 2036 2146 2126 2)
2177 2051 2238 2103 et
2273 2039 2704 2120 damnatorum

676 2158 837 2221 bona
868 2155 1176 2243 publicata
1204 2152 1467 2218 vendere
1505 2148 1597 2238 3).
1638 2152 1710 2215 In
1744 2151 1877 2216 aliis
1903 2152 2120 2216 officiis
2141 2155 2388 2246 ponitur
2409 2154 2706 2239 jurisdic—

679 2273 860 2336 tionis
883 2271 1110 2356 species
1134 2289 1354 2355 parum
1385 2278 1527 2331 nota
1562 2262 1667 2353 4);
1708 2266 1874 2352 quod
1901 2267 2129 2353 legatos
2157 2268 2406 2354 publico
2445 2268 2703 2355 hospitio

681 2384 1064 2471 excipiebant
1108 2379 1210 2472 5),
1271 2391 1513 2446 senatus
1544 2379 1819 2445 consulta
1865 2375 1960 2470 (5.
1999 2378 2190 2469 182.)
2220 2382 2492 2469 itemque
2528 2382 2704 2470 signa
2755 2426 2758 2429 ι

680 2500 966 2564 militaria
998 2496 1097 2587 (§.
1134 2493 1327 2582 367.)
1360 2496 1425 2558 in
1450 2495 1691 2558 AErario
1712 2493 2143 2579 adservabant,
2175 2517 2314 2582 quae
2336 2482 2598 2592 ducibus
2624 2497 2704 2563 ad

678 2614 914 2676 bellum
954 2610 1326 2675 abeuntibus
1355 2610 1681 2674 mittebant
1703 2608 1793 2697 6).
1820 2610 1947 2674 Mos
1975 2610 2196 2692 etiam,
2224 2610 2707 2696 triumphaturos

680 2724 844 2810 apud
865 2724 1204 2805 Quaestores
1241 2723 1485 2807 jurare,
1530 2744 1747 2787 verum
1772 2743 1834 2785 se
1858 2721 2097 2786 senatui
2117 2720 2383 2786 hostium
2407 2743 2704 2788 caesorum

683 2858 1018 2901 numerum
1069 2836 1369 2921 scripsisse
1420 2833 1510 2922 7).
1565 2834 1792 2899 Dubito
1815 2882 1832 2917 ,
1879 2855 1959 2897 an
2017 2833 2094 2898 ad
2148 2833 2415 2899 urbanos
2462 2845 2706 2898 tantum

683 2952 1022 3037 pertineat,
1050 2950 1215 3038 quod
1237 2950 1565 3032 Quaestoris
1612 2951 1796 3014 fuisse
1847 2960 2230 3033 memorant,
2269 2950 2374 3035 jus
2416 2961 2710 3014 centum-

685 3066 937 3130 viralem
966 3066 1213 3129 hastam¹
1243 3063 1505 3149 cogendi
1527 3112 1544 3145 ,
1574 3062 1653 3128 ab
1680 3064 1960 3151 Augusto
1990 3062 2070 3129 ad
2091 3036 2468 3129 decemviros
2510 3075 2711 3129 trans-

686 3181 879 3243 latum
925 3176 1013 3265 8).
1050 3176 1180 3242 Sub
1219 3177 1637 3259 Quaestoribus
1681 3178 2022 3245 scribarum
2064 3201 2326 3264 magnus
2369 3199 2666 3243 numerus
2690 3226 2708 3260 ,

690 3305 751 3357 et
780 3293 1052 3375 tribuni,
1084 3292 1162 3356 ab
1187 3314 1258 3356 eo
1283 3340 1301 3375 ,
1338 3291 1505 3378 quod
1547 3294 1875 3377 pecuniam
1897 3289 1967 3380 9)
2008 3294 2308 3358 miiitibns
2337 3292 2711 3375 reddebant,

691 3405 888 3470 aerarii
940 3405 1224 3490 adpellati
1286 3402 1437 3493 10);
1497 3428 1650 3492 quos
1715 3429 2071 3472 numerosos
2117 3410 2311 3488 ,fuisse
2332 3456 2350 3490 ‚
2403 3406 2713 3470 Ciceronis

688 3520 806 3583 loci
845 3515 955 3606 11)
997 3518 1326 3583 declarant.
1360 3520 1449 3583 Ex
1476 3520 1551 3582 iis
1580 3521 1823 3585 tertiam
1860 3521 2149 3606 judicum
2173 3519 2483 3584 decuriam
2525 3539 2714 3581 com-

690 3607 949 3718 positam
1009 3632 1104 3723 (5.
1167 3636 1317 3700 269.
1339 3629 1402 3719 ),
1473 3633 1844 3722 eosdemque
1909 3636 2083 3702 valde
2156 3633 2474 3697 honoratos
2541 3629 2714 3695 dixi-

690 3768 831 3810 mus
870 3746 965 3833 (5
999 3742 1193 3833 380.)

779 3860 1118 3939 Quaestores
1154 3862 1553 3946 provinciales
1576 3912 1594 3946 ‚
1639 3864 1828 3929 iidem
1870 3864 2093 3949 passim
2133 3872 2566 3949 proquaestores
2605 3874 2715 3926 aut

696 3995 801 4055 pro
843 3985 1137 4057 quaestore
1164 3975 1449 4062 adpellati
1501 3976 1644 4065 12),
1678 3977 1962 4065 stipendii
1994 3977 2088 4067 (5.
2137 3976 2331 4066 374.)
2364 3988 2425 4043 et
2453 3999 2714 4043 annonae

695 4084 860 4172 apud
888 4089 1218 4157 exercitum
1241 4112 1455 4161 curam
1478 4090 1811 4181 habentes,
1848 4093 2144 4181 privatam
2170 4115 2414 4180 quoque
2446 4093 2716 4160 militum
