3111 4829
1312 397 1564 481 (329)

422 534 576 599 Leqq.
601 535 663 599 2,
699 534 749 583 8.
774 557 834 573 -—-
864 534 929 600 6)
952 529 1059 583 Liv.
1082 531 1177 595 28,
1204 531 1261 581 11
1278 565 1295 594 ,
1318 531 1468 594 lynca
1492 531 1550 578 in
1575 523 1679 578 oede
1704 529 1870 579 Vesta
1907 535 2180 584 exstinctus
2209 521 2453 599 coesaquo'

417 627 578 690 flaqro
609 631 681 672 est
706 622 954 688 Vestalis,
982 624 1132 685 cujus
1153 622 1382 669 custodia
1412 622 1573 668 noctis
1592 619 1916 685 ejussuerae,
1944 622 2100 684 jus-m
2118 624 2184 673 Ρ.
2207 625 2402 674 Licinia·
2417 661 2435 690 ,

425 712 708 775 Pontifici-5.
732 739 793 748 —
825 712 877 774 7)
903 711 1043 758 Ovid.
1069 711 1211 759 Fasl.
1238 708 1299 773 5,
1327 707 1436 755 145.
1462 734 1524 746 —-
1548 706 1695 764 8105.
1716 709 1847 757 Fest.
1872 710 1924 756 in
1953 713 2108 776 iqnis,
2134 712 2302 776 ibique
2328 720 2435 761 not.

426 802 619 850 Dacicr.
650 795 779 849 Ptin.
809 801 883 849 H.
909 799 979 849 N.
1007 799 1098 862 16,
1130 798 1210 847 40.
1243 826 1304 834 -·
1328 797 1378 862 O)
1412 797 1515 845 Liv.
1541 795 1601 860 8,
1630 799 1720 860 15,
1741 799 1833 860 22,
1855 797 1947 860 57,
1972 799 2151 849 Juven.
2171 798 2228 865 4,
2258 802 2337 850 10.
2377 828 2442 841 --

428 889 510 953 10)
536 890 596 952 8,
635 890 715 939 15.
739 888 918 952 -11)
952 889 1047 953 22,
1070 886 1153 936 57.
1183 913 1247 925 -
1269 886 1349 949 12)
1375 887 1509 935 Suet.
1537 889 1678 950 Auq.
1701 884 1783 936 44.
1810 889 2082 940 -15›cr.
2100 891 2278 941 Juven.
2301 893 2359 954 4,
2380 893 2447 956 9⁴

426 982 585 1028 vitata
603 980 831 1028 sacerdos
847 1015 864 1043 ,
880 977 1033 1042 Prop.
1057 976 1118 1041 4,
1152 977 1240 1042 12,
1268 975 1361 1041 55,
1385 976 1518 1024 Fest.
1540 977 1594 1024 in
1617 977 1910 1040 suffibulum
1931 1015 1948 1042 ,
1971 980 2197 1032 Varrode
2219 983 2281 1035 L.
2299 984 2362 1033 L.
2383 985 2414 1034 5
2438 979 2469 1050 ,'
2492 965 2497 970 ἡ

428 1083 480 1132 p.
501 1066 581 1117 48.

519 1206 673 1270 326.
695 1207 845 1270 Salii
871 1205 895 1294 (
924 1193 1255 1269 a'saliendo
1273 1201 1328 1291 ),
1347 1204 1551 1268 Martis
1576 1202 1931 1289 sacerdotes,
1948 1229 1984 1271 a
2008 1206 2209 1273 Numa
2229 1209 2446 1273 Romae

429 1320 493 1383 in
517 1319 876 1384 memoriam
895 1317 1045 1403 lapsi
1067 1317 1144 1381 de
1159 1317 1311 1382 coelo
1341 1317 1555 1380 ancilis
1574 1365 1591 1397 ,
1625 1315 1875 1405 (scutuli
1913 1316 1997 1404 1),
2021 1319 2209 1406 quod,
2233 1332 2300 1384 ut
2320 1323 2453 1385 Im-

434 1433 587 1519 perii
619 1433 869 1517 pignus,
904 1453 1027 1495 una
1058 1453 1206 1494 cum
1227 1429 1517 1493 undecim
1548 1429 1808 1493 aliis.ad<
1827 1431 1951 1494 veri
1987 1433 2456 1500 similitudinem

435 1567 470 1609 a
497 1544 794 1609 Mamurio
816 1542 1087 1628 quodam
1112 1542 1417 1606 fabricatis
1440 1542 1464 1632 (
1484 1543 1550 1605 in
1583 1544 1808 1628 templo
1834 1545 2031 1611 Vestae
2050 1543 2082 1608 ’ἶ
2106 1543 2130 1633 )
2152 1549 2463 1612 custodie-

435 1627 683 1743 Βαίας)
712 1656 974 1720 instituti
1003 1653 1110 1742 2),
1164 1654 1445 1719 Calendis
1489 1655 1718 1718 Martiis
1760 1656 1988 1720 ancilia
2025 1657 2164 1740 illa',
2202 1662 2459 1743 armati,

440 1771 674 1835 solenni
719 1769 1072 1852 saltatione,
1116 1769 1348 1833 caeteris
1389 1768 1576 1832 unius
1624 1780 1859 1852 motum
1911 1771 2331 1862 imitantibsus,
2384 1774 2464 1839 ad

395 1877 404 1893 ’
436 1884 734 1949 musicam
764 1906 1009 1970 quoque
1031 1893 1371 1964 cantanteS,
1410 1903 1518 1966 per
1557 1881 1776 1946 urbem
1824 1883 2141 1967 ferebant3
2186 1908 2308 1972 quo
2331 1897 2463 1950 tra-

437 1993 715 2060 bendum
743 2018 910 2061 arma
925 2013 1218 2077 movere,
1247 1993 1543 2077 condere3
1569 1997 1823 2079 praesu13
1851 2006 2160 2061 amtruare
2177 2046 2193 2079 ,
2224 1998 2465 2062 redam-

439 2119 643 2174 truare
664 2106 731 2195 3)
755 2132 771 2191 ;
791 2131 1042 2173 carmen
1083 2108 1295 2172 saliare
1318 2156 1334 2189 ,
1361 2106 1422 2191 §.
1450 2110 1609 2190 4093
1636 2119 1982 2190 axamenta3
2006 2109 2342 2173 Mamurius
2367 2108 2455 2198 4).

441 2221 784 2286 Saltationis
838 2237 1123 2306 pompam
1188 2221 1386 2305 epulae
1425 2220 1847 2303 excipiebant,
1874 2219 2058 2305 dapes
2104 2223 2347 2286 saliares
2371 2221 2462 2310 5).

443 2334 590 2398 Salii
635 2332 968 2398 sacerdotes
999 2331 1173 2396 initio
1234 2329 1562 2396 duodecim
1584 2379 1602 2416 ,
1656 2333 1881 2419 quibus
1927 2332 2182 2398 totidem
2229 2333 2466 2399 addidit

447 2446 661 2512 Tullus
687 2447 976 2511 Hostilius
997 2442 1076 2532 6)
1099 2468 1116 2528 3
1142 2445 1275 2509 exin
1309 2467 1344 2509 a
1367 2445 1554 2508 curiis
1580 2444 1702 2508 suis
1726 2446 1815 2508 illi
1830 2447 2122 2528 Palatini,
2154 2445 2221 2511 hi
2246 2449 2468 2513 collini

445 2561 520 2626 ad
529 2560 758 2647 pellati3
781 2570 1077 2624 caeterum
1101 2559 1236 2622 aliis
1258 2580 1503 2645 quoque
1526 2536 1885 2643 nominibus
1903 2561 2158 2626 obscure
2173 2562 2462 2628 distincti.

446 2677 783 2761 Supremas
817 2673 1059 2759 collegii
1104 2671 1388 2757 Magister
1430 2672 1768 2755 Saliorum3
1819 2673 2252 2740 discernuntur
2283 2677 2466 2741 etiam

444 2789 673 2853 Praesul
719 2802 779 2850 et
820 2788 1014 2855 Vates.
1057 2785 1443 2870 Legebantur
1477 2807 1512 2848 e
1558 2787 1825 2870 patriciis
1862 2798 2141 2870 tantum,
2188 2812 2305 2854 nec
2349 2790 2469 2854 nisi

448 2900 692 2986 patrimi
742 2909 802 2962 et
840 2898 1112 2962 matrimi
1151 2893 1239 2984 7).
1282 2898 1492 2981 Ipsum
1523 2898 1930 2967 sacerdotium
1960 2898 2474 2965 honestissimum

451 3009 791 3076 habebatur
815 3008 903 3095 8).
933 3010 1009 3071 In
1034 3009 1250 3072 vestitu
1281 3008 1489 3072 tunica
1520 3009 1683 3093 picta
1712 3020 1773 3073 et
1802 3032 1952 3094 apex
1982 3009 2074 3096 9).
2138 3048 2145 3059 -

521 3148 571 3214 1)
597 3148 672 3196 Cf.
698 3145 839 3196 ovid.
864 3146 1008 3195 Fan.
1032 3145 1094 3209 ὅ,
1115 3144 1214 3193 575
1230 3181 1246 3206 ,
1272 3144 1471 3210 Dionys.
1490 3144 1552 3211 2,
1576 3145 1634 3195 71
1654 3181 1670 3210 ‚
1691 3146 1830 3208 Virg-
1853 3140 1977 3194 En.
2002 3145 2061 3208 8,
2088 3146 2203 3196 064.
2222 3175 2284 3186 --
2304 3148 2355 3207 2)
2374 3148 2483 3198 An-

455 3239 694 3302 tiquiores
732 3241 1007 3285 memorant
1042 3251 1208 3284 versus
1230 3235 1426 3299 Virgilii
1457 3236 1580 3283 AEn.
1612 3235 1642 3283 8
1657 3271 1673 3298 ,
1696 3235 1792 3284 285
1812 3252 1825 3283 :
1863 3236 2004 3285 Tum
2022 3236 2158 3284 Salia·
2177 3239 2247 3285 ad
2264 3244 2446 3285 cantus
2465 3275 2485 3301 ,

455 3332 666 3379 incensa
706 3328 886 3376 aleen'a
925 3329 1155 3390 circum,
1198 3326 1443 3390 Populos}
1478 3328 1670 3375 adsunt
1688 3327 1876 3375 evincti
1902 3333 2124 3388 tempora
2149 3328 2324 3373 ramis.
2342 3353 2406 3365 -
2429 3328 2483 3387 5)

465 3420 542 3468 Cf.
579 3419 711 3467 Fest.
745 3418 797 3465 in
820 3418 1144 3465 redonen-nare
1159 3448 1178 3480 ‚
1201 3433 1319 3465 cum
1345 3417 1544 3479 proesul
1567 3416 1906 3480 ampiruavit,
1934 3441 1993 3453 -·
2017 3417 2067 3461 ei
2088 3414 2383 3476 referuntur
2404 3419 2488 3464 in-

460 3512 616 3557 vicem
649 3510 803 3557 fidem
830 3514 1013 3555 motus.
1039 3506 1149 3553 Huc
1188 3509 1240 3553 et
1273 3504 1452 3552 Lucilii
1505 3505 1636 3570 apud
1702 3503 1915 3552 eundem
1973 3508 2235 3569 corruptus
2292 3521 2461 3553 versus
2476 3542 2491 3565 ‚

464 3614 614 3661 quem
641 3599 772 3647 Scal.
806 3597 926 3660 legit
950 3595 1156 3646 Pro-sut
1180 3602 1239 3643 ue
1268 3601 1522 3656 ammai,
1547 3596 1667 3643 inde
1689 3602 1737 3642 et
1761 3593 1922 3655 vulqu
1956 3595 2273 3642 redamtruat
2303 3593 2409 3642 olli.
2432 3621 2495 3630 --

464 3685 516 3751 4)
536 3687 599 3734 V.
619 3687 759 3735 Ovid.
779 3678 895 3735 587.
921 3701 1031 3749 sqq.
1058 3710 1120 3724 -—
1141 3683 1203 3744 5)
1223 3682 1299 3731 Cf.
1325 3682 1445 3732 Hor.
1472 3684 1570 3732 od.
1594 3681 1655 3746 1,
1673 3680 1766 3746 57,
1783 3682 1833 3730 2.
1854 3707 1918 3721 —-
1937 3682 1990 3744 0)
2007 3682 2208 3746 Dionys.
2233 3682 2265 3730 ὅ
2280 3719 2294 3746 ,
2320 3682 2404 3731 52.
2429 3711 2491 3721 ·—

467 3773 521 3838 7)
541 3774 617 3823 Cf.
636 3775 740 3824 Cic.
765 3792 817 3840 p.
840 3777 1006 3826 Domo
1026 3775 1105 3825 14.
1131 3802 1193 3812 -
1212 3772 1264 3837 8)
1291 3772 1365 3821 Cf.
1389 3773 1569 3821 Juven.
1589 3771 1649 3835 2,
1677 3769 1791 3820 125.
1816 3795 1880 3809 —·
1902 3769 1954 3832 9)
1987 3768 2065 3820 Cf.
2086 3769 2155 3818 id.
2181 3769 2246 3835 8,
2283 3770 2398 3820 207.

565 3926 716 3986 327.
766 3921 1065 4006 Luperci,
1109 3918 1288 3984 Panis
1330 3916 1441 4005 (§.
1476 3912 1679 4003 308.)
1723 3912 2102 3997 sacerdotes,
2147 3913 2225 3977 ab
2264 3914 2397 3998 ejus
2434 3916 2500 3978 in

475 4033 748 4100 Palatino
797 4044 1005 4098 monte
1029 4044 1201 4099 antro
1227 4030 1253 4120 (
1282 4023 1662 4116 Lupercal),
1682 4025 1743 4092 d.
1784 4027 1921 4094 XV.
1957 4024 2129 4101 Febr.
2150 4074 2168 4108 ,
2200 4025 2506 4111 Luperca-

2105 4136 2184 4195 42
