3111 4829
1341 396 1595 478 (115)

454 530 698 614 propior
738 528 980 594 videtur
1002 578 1020 612 ,
1057 529 1221 615 apud
1260 530 1498 594 Livium
1531 528 1559 617 (
1576 530 1642 610 1,
1682 526 1791 615 8.)
1817 577 1836 612 ,
1871 528 2047 592 initio
2086 529 2321 593 nullam
2365 553 2470 592 or-

450 640 669 706 dinum
698 630 1154 707 distinctionem
1184 663 1530 707 memorans
1551 690 1570 724 ,
1607 638 1711 706 sed
1759 650 2102 714 senatores,
2134 662 2172 705 a
2202 642 2473 705 Romulo

449 765 680 819 creatos
701 805 720 840 ,
758 766 955 842 patres
975 804 993 839 ,
1022 767 1086 820 et
1112 755 1194 821 ab
1229 754 1326 819 his
1354 752 1645 819 oriundos
1683 753 1967 840 patricios
1994 774 2120 817 esse
2151 751 2343 819 dictos
2375 751 2471 841 7).

451 868 508 930 A
539 866 772 953 duplici
801 867 878 934 de
916 869 1156 955 origiue
1194 869 1593 959 patriciorum
1639 867 1942 932 sententia
1983 864 2211 952 pendet
2246 865 2472 953 duplex

458 979 648 1064 ipsius
676 981 955 1047 vocabuli
993 981 1303 1047 derivatio.
1358 982 1525 1066 Alii,
1557 981 1913 1067 simpliciter
1934 1029 1953 1065 ‚
1997 990 2070 1043 ut
2105 1002 2142 1044 a
2188 980 2476 1044 Patribus

446 1104 605 1158 ortos
627 1142 646 1177 ,
694 1095 836 1180 alii,
888 1105 1181 1182 tanquam
1227 1105 1463 1181 patrem
1505 1095 1735 1160 cientes
1784 1091 1872 1181 8)
1911 1093 2196 1180 patricios
2238 1105 2475 1161 vocatos

446 1228 605 1290 esse,
636 1208 866 1274 volunt.

505 1365 556 1431 1)
578 1365 639 1431 2,
662 1366 714 1414 s.
732 1395 793 1404 -
812 1367 865 1433 Ξ)
890 1367 960 1416 ne
998 1367 1115 1434 ipsi·
1137 1369 1354 1419 zermi-
1378 1332 1595 1434 (τιιωὲῑ
1610 1405 1626 1435 ,
1648 1366 1926 1435 Tyrrheni)
1950 1367 2114 1418 denuo
2135 1367 2472 1417 conamen-sia

440 1453 571 1517 viget
588 1490 607 1517 ,
630 1459 799 1504 utrum
835 1471 896 1504 ex
934 1461 1075 1520 parte
1096 1457 1220 1523 Lydi
1251 1458 1445 1521 generis
1474 1458 1607 1523 sint,
1639 1473 1705 1506 an
1734 1458 1954 1508 tabulam
1988 1462 2158 1508 turret-
2189 1457 2471 1507 nen-ddum

438 1542 485 1607 (1
511 1580 527 1606 ,
550 1541 656 1608 94.)
680 1544 744 1593 V.
766 1545 967 1610 Dionys.
993 1545 1051 1609 1,
1074 1546 1169 1610 27,
1192 1547 1335 1598 Nieb.
1362 1548 1463 1596 vol.
1487 1549 1548 1611 1,
1572 1564 1626 1612 p.
1650 1547 1745 1610 65,
1768 1548 2026 1598 Wachsm.
2046 1563 2099 1610 p.
2124 1545 2208 1594 82.
2231 1574 2293 1584 ——
2313 1546 2367 1611 5)
2387 1546 2467 1595 Cf.

370 1636 377 1641 “
440 1632 585 1680 Nieh.
608 1648 661 1697 p.
685 1631 750 1683 95
772 1639 825 1682 et
845 1634 968 1698 181,
990 1636 1248 1701 wachsm,
1269 1653 1320 1702 p.
1341 1635 1438 1686 154
1458 1642 1509 1685 et
1526 1637 1622 1686 155
1641 1673 1659 1701 ,
1681 1636 1790 1686 Liv.
1808 1636 1832 1685 1
1851 1672 1868 1701 ,
1890 1635 1942 1684 8.
1958 1635 2083 1701 -4)
2101 1634 2164 1684 V.
2184 1634 2468 1700 Dionysius,

430 1737 595 1788 Livius
614 1777 630 1806 ‚
655 1745 705 1789 et
724 1740 1089 1791 Plutarchus'in
1110 1724 1350 1793 Romulo.
1363 1772 1425 1781 —
1440 1743 1494 1809 5)
1507 1744 1713 1809 Dionys.
1732 1748 1969 1808 tanquam
1981 1723 2337 1803 δημοτικός,
2352 1743 2389 1790 i.
2414 1760 2464 1793 e.

429 1826 493 1874 de
515 1829 699 1892 populo
715 1866 732 1894 ,
755 1829 827 1877 sic
845 1829 1111 1895 adpellatos
1129 1832 1217 1880 ait.
1237 1831 1406 1881 Plebis
1418 1832 1667 1882 vocabulo
1679 1870 1697 1898 ,
1714 1833 1848 1883 unde
1858 1831 2090 1897 plebe-jus
2099 1866 2119 1896 ,
2137 1830 2216 1879 vix
2227 1830 2464 1898 dubium,

431 1935 555 1997 quin
588 1937 705 1987 imit
734 1938 1066 1989 multitudinis
1087 1941 1226 1989 notio
1241 1955 1259 2005 3
1276 1941 1410 1990 unde
1432 1940 1630 1989 Vossius
1647 1954 1678 1988 a
1700 1927 1923 1992 5253ss
1937 1967 1961 1995 1
1977 1937 2092 2003 alii,
2116 1954 2241 2002 quos
2255 1941 2385 1991 malo
2398 1978 2414 2005 ,
2433 1957 2472 1990 ι

430 2031 653 2092 canii&
672 2043 773 2093 sive
793 2025 1032 2105 πλίοης,
1051 2046 1259 2109 plures,
1281 2043 1524 2094 derivant.
1543 2071 1605 2082 —
1623 2042 1689 2109 0)
1727 2039 1990 2106 Diony-ius
2011 2077 2027 2104 ,
2043 2042 2087 2088 oi
2108 2042 2301 2105 integra
2340 2044 2452 2108 eju·

428 2130 578 2180 verba
600 2131 870 2199 hahemus,
892 2150 925 2183 u
952 2137 1109 2182 semet
1138 2132 1450 2198 discrepans,
1476 2137 1750 2195 utrumque
1784 2129 2015 2179 adfluunt
2029 2164 2047 2192 ,
2069 2130 2283 2179 alterum
2298 2131 2332 2179 2
2347 2167 2365 2195 ,
2389 2131 2458 2180 12

429 2239 450 2302 (
469 2240 543 2289 Cf.
563 2240 669 2290 Liv.
683 2242 746 2291 10
759 2239 872 2306 ,8.)
888 2277 904 2307 ,
922 2240 1010 2290 ubi
1029 2238 1297 2291 Romulum
1309 2225 1371 2282 σίι
1410 2227 1511 2282 usi
1548 2218 1839 2302 πατρικίου
1864 2243 2068 2287 centum
2097 2239 2230 2287 viros
2250 2240 2427 2303 legisse
2441 2273 2461 2298 ,

428 2330 644 2380 alterum
666 2332 728 2394 2,
755 2330 819 2392 8,
843 2330 933 2380 ubi
947 2367 964 2395 ,
980 2330 1101 2379 alios
1122 2328 1336 2394 probans
1351 2362 1368 2390 ,
1392 2342 1422 2375 a
1440 2326 1672 2375 Patribus
1694 2330 1826 2375 ortos
1848 2328 2082 2390 patricios
2103 2327 2262 2377 dictos
2283 2330 2459 2378 refert.

422 2445 487 2456 -
505 2418 561 2482 7)
594 2418 736 2467 Idem
780 2419 945 2468 Livius
975 2419 1183 2468 alteram
1219 2416 1438 2481 Dionysii
1475 2414 1777 2464 sententiam
1812 2421 2014 2466 secutus
2045 2417 2243 2467 videtur
2279 2419 2371 2484 10,
2395 2419 2428 2468 8
2441 2456 2458 2484 ‚
2531 2453 2540 2462 2

421 2507 515 2556 ubi
531 2507 738 2556 Decium
758 2507 1006 2557 dicentem
1028 2505 1190 2570 fingit,
1210 2506 1456 2569 patricios
1466 2507 1670 2569 primos
1686 2520 1790 2552 me
1798 2503 1965 2565 factos
1983 2542 2000 2570 ‚
2022 2522 2130 2554 non
2151 2508 2214 2555 de
2233 2507 2351 2557 coelo
2368 2510 2459 2557 de-

423 2600 605 2647 missos
614 2632 633 2661 ‚
651 2599 740 2647 sed
757 2601 1059 2662 quipatrem
1081 2600 1211 2646 ciere
1219 2603 1428 2661 possent
1440 2631 1458 2660 ,
1477 2597 1537 2644 id
1555 2602 1630 2644 est
1645 2630 1662 2658 ,
1685 2594 1822 2644 m'ln'l
1851 2595 1991 2644 ultra
2013 2612 2169 2659 quam
2185 2599 2464 2662 inqermos.

426 2715 484 2724 —
503 2686 557 2751 8)
574 2687 788 2751 Nempe,
810 2686 902 2749 qui
917 2691 1107 2750 patrem
1128 2701 1273 2734 suum
1299 2684 1433 2732 ciere
1446 2720 1463 2747 ,
1486 2685 1522 2733 i.
1544 2700 1593 2733 e.
1613 2683 1761 2732 edere
1780 2720 1797 2748 ,
1817 2685 2102 2750 nominare,
2120 2686 2292 2750 sicque
2320 2686 2464 2751 inge-

420 2789 545 2821 nuos
572 2789 679 2823 nese
697 2810 714 2838 ,
736 2788 837 2822 uon
858 2788 888 2821 a
910 2773 1061 2821 servis
1081 2775 1213 2821 ortos
1235 2771 1333 2832 (Cf.
1362 2770 1470 2820 Liv.
1497 2770 1589 2835 10,
1619 2770 1682 2835 8,
1706 2769 1766 2835 4,
1786 2770 1819 2819 δ
1836 2806 1854 2834 ,
1879 2770 2010 2822 Foet.
2034 2772 2087 2820 in
2105 2775 2381 2838 patricios,
2400 2775 2457 2824 et

424 2861 624 2927 Dionys.
644 2863 678 2912 Ξ
692 2899 710 2927 ,
730 2863 816 2928 8.)
842 2862 1099 2913 ostendere
1120 2867 1337 2927 possent.

515 3027 662 3091 130.
711 3025 838 3106 Qui
878 3036 1090 3091 autem
1130 3047 1277 3091 cum
1321 3025 1612 3111 Dionysio
1659 3024 1954 3089 ordinum
1986 3024 2450 3090 distinctionem>

420 3139 688 3203 Romulo
713 3138 1027 3222 tribuunt,
1050 3159 1181 3222 eos,
1203 3160 1313 3224 par
1331 3149 1454 3222 est,
1483 3160 1633 3203 cum
1659 3138 2147 3225 eodemauctore
2180 3139 2299 3228 (11,
2323 3137 2449 3226 9.),

419 3251 667 3338 utrique
694 3250 898 3317 ordini
924 3274 1032 3316 sua
1068 3250 1269 3316 officia
1306 3252 1653 3338 praescripta
1696 3273 1863 3337 esse,
1891 3253 2274 3318 existimare:
2324 3275 2452 3339 pa-

418 3365 609 3430 triciis
631 3414 650 3450 ,
691 3377 761 3430 ut
799 3387 966 3430 sacra
1005 3375 1335 3447 curarent,
1362 3365 1755 3452 magistratus
1788 3377 2116 3454 gererent,
2156 3367 2262 3452 jus
2290 3368 2447 3432 red—

420 3477 672 3562 derent,
700 3479 1146 3565 rempublicam
1182 3501 1328 3542 cum
1358 3480 1534 3565 Rege
1572 3478 2111 3564 administrarent;
2149 3479 2406 3565 plebejis
2426 3529 2446 3563 ,

421 3602 494 3655 ut
519 3591 600 3656 ab
627 3591 722 3656 his
747 3591 1039 3657 omuibus
1074 3591 1298 3657 exclusi
1329 3592 1773 3678 agriculturam
1800 3605 1863 3659 et
1889 3602 2230 3680 quaestuosa
2259 3592 2444 3657 etiam

419 3727 602 3790 opera
640 3718 989 3774 exercerent
1025 3703 1111 3794 1).
1147 3707 1492 3772 Commune
1537 3708 1811 3796 utrisque
1878 3707 2160 3772 officium·
2200 3705 2452 3772 militia..

417 3817 575 3898 Quae
603 3820 654 3883 si
683 3840 810 3884 non
852 3820 932 3885 ab
974 3821 1103 3907 ipsc
1140 3821 1412 3887 Romulo
1445 3819 1721 3885 instituta
1745 3868 1762 3903 ,
1805 3820 2079 3907 proximo
2109 3829 2273 3883 certe
2313 3831 2448 3905 post

419 3953 567 3996 eum
596 3943 904 4019 tempore,
936 3935 984 3998 si
1015 3934 1459 4021 agriculturam
1491 3934 1751 4020 excipias
1792 3933 1818 4023 (
1833 3931 1893 4014 §.
1939 3930 2131 4021 378.)
2156 3982 2173 4017 ,
2215 3934 2300 3999 ita
2326 3933 2444 3997 ob-

422 4055 650 4112 servata
702 4046 1124 4115 inveniuntur.
1170 4049 1257 4114 Ex
1299 4048 1549 4116 illorum
1602 4049 1770 4115 enim
1824 4047 2109 4134 gentibus
2130 4047 2306 4134 ,qui
2351 4049 2452 4112 vel
