3111 4829
1534 368 1795 454 (384)

742 507 892 570 284.
941 503 1371 591 Argentarius,
1407 500 1485 567 ad
1527 509 1682 589 qnos
1722 504 2052 586 mensarii,
2095 501 2315 567 diversi
2355 525 2390 568 a
2435 513 2692 570 numu-⁴

651 619 818 684 latiis
848 617 942 709 (ς’.
970 615 1163 705 215.)
1186 666 1203 702 ,
1228 637 1437 681 mensa
1464 666 1481 698 ,
1514 616 1769 681 taberna
1788 616 2132 702 argentaria
2169 612 2266 704 1),
2307 615 2527 681 Romae
2571 620 2694 683 sub

650 733 932 819 ‘Regibus
951 733 1081 818 jam
1114 728 1336 816 fuisse,
1374 754 1407 796 e
1430 730 1598 795 Livio
1615 732 1935 817 colligeres
1977 729 2042 820 2)
2069 757 2086 817 ;
2114 755 2228 797 nec
2253 755 2463 797 carere
2489 735 2695 819 potuit

654 846 840 928 urbS,
883 848 1170 933 populosa
1211 858 1273 911 et
1314 845 1651 931 peregrinis
1687 846 2110 932 frequentata,
2154 844 2546 930 hominibus,
2580 847 2701 933 qui

655 962 863 1025 numis
906 959 1328 1047 permutandis
1366 970 1693 1043 vacarent3
1750 969 1811 1022 et
1843 981 1982 1023 vero
2025 956 2102 1022 ad
2150 980 2291 1022 eam
2323 980 2456 1023 rem
2501 959 2696 1044 primi

650 1075 918 1138 instituti
940 1073 1221 1164 videntur
1251 1070 1367 1162 (cf.
1394 1068 1454 1152 §.
1484 1070 1679 1161 216.)
1704 1071 1915 1137 Postea
1942 1072 2131 1136 iidem
2163 1073 2556 1138 foeneratores
2579 1098 2696 1141 sua

656 1200 717 1252 et
753 1182 1014 1253 aliorum
1038 1177 1296 1273 pecunia
1321 1186 1385 1275 3)
1410 1212 1426 1270 3
1453 1186 1618 1251 unde
1641 1181 1984 1274 argentaria
2013 1187 2080 1250 in
2109 1186 2444 1274 quaestibus
2464 1210 2693 1274 parum

654 1300 921 1365 honestis
961 1298 1059 1389 4),
1098 1301 1704 1387 Auctiones.quoque
1725 1301 1804 1366 ad
1830 1323 2045 1365 eorum
2076 1301 2359 1367 tabernas
2386 1350 2403 1385 ‚
2435 1302 2503 1366 in
2536 1303 2696 1366 Foro

653 1416 914 1501 positas,
952 1415 1184 1479 fiebant
1210 1462 1227 1497 ,
1260 1425 1362 1496 et,
1405 1414 1819 1478 contractibus
1846 1414 2219 1499 privatorum
2242 1412 2541 1500 adhibiti,
2571 1437 2699 1479 no·-

653 1530 1065 1616 tarii,·quen'1'
1094 1550 1263 1593 nunc
1288 1550 1612 1611 vocamus,
1641 1528 1836 1592 vicem
1860 1527 2198 1614 implebant
2225 1523 2314 1615 5).

744 1637 1185 1731 Foeuerationis
1238 1642 1399 1707 inter
1462 1643 1864 1707 vetustissima
1923 1645 2351 1708 Romanorum
2397 1644 2580 1728 vitia,
2638 1655 2708 1710 et

654 1757 919 1842 publicae
941 1753 1301 1821 calamitatis
1338 1755 1482 1819 inde
1505 1767 1663 1819 natae
1689 1767 1749 1820 et
1776 1736 2123 1843 propagata}
2153 1759 2533 1823 mentionem
2561 1760 2706 1824 aliis

654 1870 804 1935 locis
839 1869 1211 1934 inseruimus
1252 1851 1505 1958 (§134
1529 1879 1588 1932 et
1612 1865 1807 1957 399.)
1845 1871 2006 1934 Rem
2034 1871 2451 1957 gravissimam
2479 1874 2704 1957 paucis

660 1985 882 2050 diserte
921 1983 1196 2069 exposuit
1227 1982 1519 2046 Beaufort
1539 1977 1617 2050 V.
1653 1983 1735 2047 ΙΙ.
1763 2005 1824 2068 p.
1854 1985 2003 2048 418.
2041 2006 2171 2071 sqq.
2211 1987 2433 2050 Foenus
2473 1984 2654 2049 initio
2680 2036 2701 2072 ,

655 2110 728 2164 ut
758 2118 901 2164 sane
917 2098 1213 2164 credibile
1236 2107 1356 2180 est,
1383 2107 1531 2161 teste
1553 2097 1739 2161 etiam
1761 2097 1967 2162 Tacito
1989 2094 2088 2185 6),
2116 2097 2505 2164 arbitrarium
2531 2148 2548 2182 ,
2574 2121 2705 2166 nec

657 2214 923 2279 dubium
965 2207 1087 2296 est,
1123 2211 1276 2299 quin
1298 2232 1600 2297 magnum
1620 2259 1636 2288 ‚
1678 2221 1739 2275 et
1766 2212 2162 2276 centesimam
2200 2214 2372 2278 sortis
2393 2263 2411 2298 ,
2442 2214 2660 2300 capitis
2684 2264 2706 2300 ,

654 2331 722 2394 in
759 2323 1035 2393 mensem
1090 2327 1275 2412 vulgo
1332 2325 1517 2390 fuisse
1540 2372 1558 2407 ,
1596 2321 1936 2410 suspicatur
1965 2325 2277 2391 Beaul'ort.
2318 2328 2704 2412 Legitimum

657 2446 861 2531 primo
880 2438 1111 2507 factum
1128 2491 1145 2523 ,
1168 2438 1500 2505 centesima
1523 2440 1589 2503 in
1613 2461 1849 2505 annum
1865 2489 1882 2522 ,
1908 2441 2030 2503 sive
2053 2441 2174 2506 XII
2192 2440 2386 2508 Tabb.
2412 2440 2514 2531 7),
2539 2443 2703 2529 sive,

659 2571 732 2623 ut
775 2558 976 2622 verius
1016 2565 1224 2620 censet
1263 2554 1593 2636 Beaufort,
1640 2553 1778 2638 lege
1824 2532 2032 2618 Duilia
2083 2552 2177 2643 (a.
2227 2553 2418 2642 397.)
2458 2558 2711 2621 consti-

662 2682 796 2735 tuta
837 2667 929 2755 8).
974 2670 1121 2733 Haec
1146 2686 1332 2731 usura
1364 2666 1671 2748 unciaria,
1714 2667 1780 2729 in
1805 2687 2083 2730 mensem
2113 2668 2345 2733 scilicet
2374 2671 2556 2735 uncia
2587 2693 2706 2756 pro
2758 2744 2775 2759 .

665 2785 714 2850 C
736 2782 967 2847 assibus
991 2779 1294 2845 solvenda.
1325 2780 1442 2843 Lex
1474 2779 1640 2843 elusa
1660 2777 2032 2844 creditorum
2060 2828 2077 2864 ,
2109 2783 2462 2869 peregrinos
2483 2783 2547 2847 in
2574 2786 2708 2849 sti-—

664 2897 980 2985 pulatione
1002 2895 1124 2959 ‘sibi
1146 2893 1691 2974 substituentinm,
1726 2892 1979 2977 frande3
2012 2916 2134 2981 qua
2176 2896 2409 2962 detecta
2433 2946 2451 2981 ,
2492 2898 2710 2964 soenus

667 3014 849 3099 plane
882 3008 1279 3074 interdictum
1319 3004 1413 3095 (a.
1463 3003 1663 3093 411.)
1704 3006 1806 3072 Sic
1844 3029 1926 3071 ue
1968 3009 2226 3094 pauperi
2258 3009 2513 3098 quidem
2544 3034 2709 3078 con-

668 3126 898 3189 tultum
925 3172 942 3207 ‚
999 3133 1068 3187 ut
1121 3120 1447 3208 pecuniam
1507 3131 1782 3205 pararet,
1821 3132 2033 3187 contra
2072 3122 2280 3209 legem¹
2320 3125 2709 3193 conditiones

668 3238 829 3303 inire
874 3247 1118 3321 coacto,
1163 3257 1350 3322 qnam
1397 3232 1620 3298 deinde
1646 3283 1663 3318 ,
1711 3234 1819 3298 ubi
1853 3235 2210 3302 solvendum
2237 3286 2254 3321 ,
2294 3240 2706 3328 implorabat3

668 3351 841 3416 unde
868 3352 1219 3437 frequentes
1263 3349 1399 3412 lites
1422 3395 1441 3431 ‚
1481 3370 1600 3412 nec
1636 3348 1783 3412 levis
1808 3348 2131 3434 judicandi
2161 3351 2489 3419 difficultas
2509 3405 2526 3440 ,
2558 3379 2710 3442 pos-—

672 3478 869 3531 tremo
883 3514 900 3547 ,
923 3466 1198 3550 neglecta
1217 3485 1348 3547 Jam
1371 3463 1540 3548 lege,
1566 3473 1627 3527 et
1646 3465 1962 3530 cumulato
1983 3485 2104 3529 aere
2126 3466 2328 3532 alieno
2343 3516 2361 3551 ,
2385 3471 2709 3536 tuentibus

670 3595 780 3648 aut
828 3577 1484 3645 ultro.concitantibus
1533 3577 1776 3663 plebem
1810 3579 2140 3665 Tribunis,
2186 3581 2550 3667 seditiones,
2603 3596 2708 3672 et,

672 3697 849 3783 pejus
878 3695 1041 3759 malo
1093 3692 1436 3758 remedium
1464 3739 1482 3773 ,
1534 3714 1707 3758 novae
1753 3694 1979 3758 tabulae
2025 3694 2122 3785 (ς.
2164 3696 2311 3783 73.)
2357 3697 2704 3763 Pecuniam

674 3810 985 3890 Romani,
1027 3819 1097 3872 ut
1127 3808 1328 3874 Graeci
1353 3857 1371 3891 ,
1404 3806 1481 3873 de
1525 3829 1698 3873 more
1740 3809 1804 3872 in
1837 3829 2114 3873 mensem
2156 3809 2536 3876 collocabant
2588 3809 2708 3901 9),

675 3922 939 4008 ideoque
968 3923 1226 4008 singulis
1254 3923 1603 4009 mensibus,
1634 3947 1707 3989 ac
1736 3925 1919 4010 vulgo
1949 3924 2078 4009 ipso
2107 3924 2335 3988 mensis
2375 3926 2550 3990 initio
2578 3928 2708 3994 sive

683 4034 1003 4115 Calendis,
1037 4046 1106 4098 ut
1147 4036 1347 4102 Graeci
1396 4038 1745 4123 novilunio,
1792 4039 1992 4103 foenus
2021 4037 2345 4124 exigebant
2377 4037 2505 4128 10).
2538 4042 2707 4110 Hinc
