3111 4829
1337 303 1521 390 (367
1561 304 1600 389 γ

450 434 624 520 Saepe
644 438 838 502 etiam
866 459 1076 525 graves
1097 438 1333 505 labores
1352 486 1371 524 ,
1400 441 1585 505 fossas
1609 489 1628 525 ,
1658 440 1809 505 valla
1833 486 1851 523 ,
1874 440 2001 505 vias
2033 437 2138 528 9),
2167 439 2381 525 pont'es
2405 442 2474 505 ct

452 548 673 620 similia
714 560 822 614 aut
865 552 1190 618 necessitas
1232 553 1586 640 flagitabat,
1623 565 1732 617 aut
1770 563 1982 618 contra
2016 554 2212 618 otium
2250 553 2483 618 moui-e.

452 661 725 748 tiemque
756 664 1025 733 remedia
1056 667 1489 753 quaerebantur
1513 663 1643 754 10).
1673 667 2002 733 Munerum
2024 667 2288 751 vacatio,
2317 689 2474 755 pro-1

451 775 586 860 pria
631 776 863 844 ducum
913 780 1297 864 superiorum
1320 828 1338 864 ,
1366 781 1665 867 gregario
1714 781 1899 845 etiam
1945 782 2129 846 militi
2167 781 2348 862 variis
2392 780 2480 845 de

452 890 652 955 causis
672 902 733 956 et
754 894 988 979 praemii
1009 894 1140 962 loco
1159 916 1469 979 concessa,
1500 894 1669 960 unde
1689 896 2001 962 immunes
2021 943 2038 980 ,
2061 891 2483 980 beneficiarii,

453 1004 629 1089 queis
666 1018 1065 1091 opponuntur
1105 1007 1430 1073 munifices
1478 1005 1609 1097 11).
1653 1009 1929 1075 Eandem
1971 1009 2091 1074 sub
2135 1010 2491 1082 Caesarihust

451 1118 677 1184 milites
722 1120 926 1207 vulgo,
960 1143 998 1194 a
1052 1120 1533 1188 Centurionibus
1574 1124 1828 1206 emisse,
1879 1146 1914 1188 e
1963 1124 2171 1188 Tacito
2218 1113 2496 1209 colligi-¹⁶

451 1252 591 1298 mus
630 1229 760 1320 12).
790 1233 1141 1326 Disciplinae
1178 1234 1460 1300 militaris
1479 1234 1646 1320 apud
1675 1234 1989 1299 Romanos
2010 1235 2337 1321 singularis
2363 1257 2474 1301 se-

450 1344 668 1418 veritas
690 1393 709 1428 ,
755 1347 1023 1416 Romani
1081 1348 1351 1416 nominis
1412 1347 1718 1430 majestati
1778 1348 2146 1412 conveniens
2175 1398 2191 1434 ,
2247 1350 2500 1416 bellica}

450 1458 704 1542 virtute,
733 1480 872 1543 quae
897 1458 1218 1545 disciplina
1241 1460 1503 1526 maxime
1524 1459 1911 1544 continetur,
1936 1467 2122 1546 partie
2143 1473 2203 1526 et
2226 1463 2497 1529 nitenti.·

452 1569 617 1653 1ζίηο
657 1572 1098 1656 imperatorum
1139 1574 1324 1659 plena
1366 1574 1434 1637 in
1473 1575 1739 1640 militem
1780 1581 2072 1661 potestas,
2107 1583 2175 1640 ‘et
2218 1578 2492 1663 insignis
2575 1600 2587 1609 ·

450 1681 740 1768 imperii,
780 1696 1072 1773 tanquam
1111 1687 1427 1772 numinis,
1456 1689 1583 1774 ipsa
1612 1673 1841 1754 civium
1869 1690 2147 1754 libertate
2180 1688 2278 1779 (ς.
2324 1689 2481 1779 71.)

454 1798 519 1862 in
565 1799 773 1864 castris
817 1811 1091 1872 cessante
1110 1852 1130 1884 ,
1180 1802 1540 1869 reverentia.
1598 1802 1768 1867 Inter
1825 1803 2155 1870 severitatis
2201 1806 2481 1892 exempla

456 1910 692 1977 illustre
714 1924 802 1977 est
827 1914 1038 1979 Manlii
1061 1914 1353 2002 Torquati
1377 1916 1641 1982 facinus·

494 2046 578 2111 ,1)
602 2048 678 2098 cr.
697 2048 803 2098 cie.
825 2051 894 2100 A.
918 2050 986 2114 Q.
1006 2049 1040 2099 4
1059 2085 1075 2116 ‚
1104 2052 1156 2115 2,
1175 2051 1281 2101 Liv.
1303 2051 1365 2114 5,
1390 2052 1448 2115 a,
1473 2051 1568 2116 37,
1601 2050 1696 2115 59,
1718 2050 2009 2103 ramum.
2033 2051 2127 2116 15,
2149 2053 2244 2116 35,
2268 2053 2448 2103 mon-‚1
2468 2087 2486 2116 ,

459 2136 694 2203 12.-2)
721 2140 844 2189 cm.
867 2139 1293 2207 dess.c.s,85‚
1316 2141 1421 2190 mv.
1444 2140 1537 2206 21,
1563 2139 2180 2206 mamm-synon.
2205 2141 2280 2192 ib.
2308 2139 2368 2206 1,
2401 2141 2487 2206 oo,

457 2251 523 2265 -
544 2226 595 2291 4)
621 2228 696 2276 Cf.
718 2228 823 2277 Jos.
843 2231 904 2278 de
926 2230 991 2279 B.
1017 2230 1149 2279 Jud.
1168 2230 1202 2279 ὅ
1218 2267 1235 2294 ,
1257 2231 1308 2279 6.
1330 2259 1392 2267 -
1410 2229 1465 2291 5)
1486 2230 1551 2279 V.
1569 2229 1746 2294 Nieup.
1781 2230 1847 2296 5,
1880 2229 1943 2293 5,
1968 2229 2019 2277 6.
2041 2255 2106 2267 -
2130 2229 2181 2294 6)
2207 2231 2280 2278 Cf.
2305 2229 2484 2294 Polyb.

458 2317 522 2380 θ,
541 2316 627 2366 83.
654 2345 716 2355 -
738 2316 792 2383 7)
817 2319 893 2369 Cf.
911 2317 1035 2384 Veg.
1068 2320 1130 2382 3,
1156 2318 1219 2382 8,
1250 2318 1374 2382 ihiq.
1402 2319 1553 2368 Stew.
1581 2347 1642 2357 —
1662 2317 1726 2380 8)
1748 2307 1871 2382 Veg.
1895 2318 1967 2366 ib.
1993 2318 2068 2366 Cf.
2088 2318 2213 2383 Lyd.
2238 2318 2261 2366 1
2282 2354 2298 2382 ,
2323 2318 2404 2367 46.
2421 2344 2488 2358 —-

457 2406 523 2468 9>
547 2407 624 2457 cf.
644 2407 753 2458 Liv.
773 2408 839 2459 59
858 2442 874 2474 ,
899 2410 951 2458 2.
971 2409 1139 2476 -10)
1166 2407 1246 2458 Cs.
1269 2409 1391 2458 Tac.
1410 2409 1554 2458 Ami.
1579 2408 1604 2458 1
1622 2444 1638 2471 ,
1665 2405 1729 2458 16
1745 2411 1796 2458 et
1815 2407 1899 2458 55.
1917 2404 2084 2472 -11)
2104 2406 2307 2474 Veg.2,
2329 2406 2383 2459 7.
2407 2405 2520 2457 Cl'.z

354 2520 355 2523 ¹
458 2493 592 2547 reat.
614 2497 668 2547 in
690 2515 897 2549 munem
917 2504 971 2549 et
990 2499 1329 2565 beneficiari&
1351 2496 1476 2564 Lyd.
1500 2498 1526 2548 1
1542 2533 1562 2563 ‚
1584 2497 1668 2548 46.
1691 2525 1757 2538 —
1780 2499 1865 2564 12)
1891 2503 2035 2549 Anu.
2060 2497 2085 2548 1
2110 2535 2128 2564 ‚
2153 2497 2215 2551 1⁷
2237 2502 2291 2549 et
2310 2499 2395 2549 55.

554 2640 706 2705 371.
756 2640 896 2705 Dux
938 2640 1189 2726 praelio,
1235 2640 1425 2726 captis
1463 2650 1606 2703 ante
1648 2637 1750 2729 (§.
1800 2633 2003 2726 320.)
2044 2636 2330 2723 auspiciis
2377 2634 2444 2725 1)
2475 2636 2520 2720 ,ἶ

463 2752 515 2816 si
554 2755 877 2820 necessitas
916 2766 1201 2841 cogeret,
1243 2776 1370 2819 non
1414 2754 1707 2818 consultis
1749 2752 1935 2816 etiam
1978 2751 2094 2816 diis
2136 2746 2526 2816 infaustisve⁷

465 2865 654 2951 signis
694 2879 1035 2933 certaturus
1059 2917 1076 2952 ,
1114 2870 1482 2955 plerumque
1526 2877 1928 2953 congregatos
1969 2866 2193 2929 milites
2236 2865 2315 2930 ad
2358 2865 2498 2929 vir-

466 2989 666 3043 tutem
702 2982 974 3045 oratione
1014 2979 1408 3064 hortabatur,
1451 3002 1649 3067 eoque
1691 2981 1955 3044 refertur
1977 3026 1995 3061 ,
2032 2979 2099 3042 in
2136 2979 2346 3043 nuruis
2378 3000 2500 3043 oc-

469 3115 761 3176 currens,
815 3094 1161 3178 adlocutio;
1213 3117 1337 3182 quo
1384 3096 1544 3160 sacto
1595 3078 1849 3180 signum
1891 3092 2209 3157 conflictui
2257 3090 2284 3181 (
2308 3093 2501 3177 signis

466 3205 875 3296 canentibus)
905 3207 1124 3293 dabat,
1162 3230 1234 3272 ex
1269 3209 1583 3274 alacritate
1620 3206 2009 3272 audientium
2034 3256 2051 3291 ,
2084 3207 2367 3292 inprimis
2397 3229 2502 3271 ar-

466 3344 713 3387 morum
766 3322 1115 3387 collisorum
1166 3345 1311 3386 sono
1349 3321 1653 3387 declarata
1680 3371 1698 3406 ,
1747 3332 1854 3386 aut
1899 3322 2168 3385 infausto
2216 3321 2532 3409 silentio,

466 3458 673 3526 neque
709 3438 919 3502 minus
947 3459 982 3501 e
1017 3438 1284 3503 clamore
1306 3438 1372 3502 in
1394 3437 1637 3503 hostem
1680 3437 2035 3521 ruentium,
2065 3459 2101 3501 e
2127 3436 2364 3500 barritu
2398 3432 2505 3544 2),

470 3552 548 3617 de
587 3574 812 3640 pugnae
845 3562 1069 3618 eventu
1114 3552 1471 3636 conjiciens.
1518 3552 1833 3616 Exercitus
1872 3550 1951 3615 ad
1999 3572 2280 3637 pugnam
2319 3571 2507 3615 com—-

471 3665 720 3751 positio,
751 3666 944 3750 acies,
979 3666 1177 3753 gravis
1205 3675 1532 3730 armaturae
1563 3663 1842 3751 peditum
1874 3662 2159 3728 divisioni
2183 3662 2268 3753 (§.
2297 3662 2507 3753 363.),

471 3802 509 3845 a
547 3780 753 3845 Servio
802 3782 1004 3848 Tullio
1072 3782 1399 3865 institutae,
1445 3762 1768 3867 phalangis
1827 3782 2025 3845 forma
2083 3779 2508 3866 congruebat3

472 3878 644 3982 post,
684 3918 719 3961 a
758 3896 1037 3982 Camilli,
1077 3908 1148 3962 ut
1187 3908 1444 3985 putant,
1488 3907 1702 3980 aetate,
1742 3906 1974 3960 mutata
2012 3896 2278 3979 ratione,
2306 3895 2512 3983 primo

473 4007 690 4073 ordine
737 4007 992 4095 hastati,
1048 4011 1318 4078 secundo
1384 4010 1692 4098 principes
1740 4006 1958 4098 (initio
2019 3991 2282 4094 primi),
2334 4008 2514 4073 tertio

2841 319 2900 356 x
2977 359 2983 371 ι
