3111 4829
1551 394 1810 478 (154)

652 533 925 583 candidatis
946 567 963 596 ,
981 529 1213 595 ruffi-ugia
1236 528 1497 595 pecuniam
1519 528 1678 578 aliave
1701 529 1833 577 inter
1850 529 1982 577 cive·
2003 528 2347 580 distribuendo
2370 532 2650 581 ementibus
2672 569 2690 598 ,

656 626 931 674 inserviiaoe
960 637 1219 687 ponamus.
1256 620 1333 670 Cf.
1355 619 1441 668 Cic
1468 618 1665 669 νην-Λ
1693 654 1710 683 ,
1734 618 1892 684 8,5,
1915 618 2352 685 ss9,‹100roe.2‚
2374 621 2691 687 castolla-

652 732 803 779 τωρ.
829 713 988 777 Ηοερ.
1011 713 1111 777 20,
1136 713 1207 761 od
1225 714 1334 761 Au.
1361 710 1529 776 1,16.
1548 738 1612 747 --
1632 707 1685 771 ⁴)
1707 708 1785 760 Cf.
1803 709 1912 757 Liv.
1933 708 1999 758 2ss
2017 746 2035 773 ‚
2067 709 2134 759 22
2150 746 2167 773 ‚
2188 710 2396 760 schulze
2416 727 2469 776 p.
2493 710 2691 761 268.—

649 804 705 867 5)
731 803 806 851 Cs-
827 803 1011 851 Cic.⁸'n
1042 801 1272 851 mahat
1304 800 1401 862 15,
1426 799 1641 863 doLaqe
1664 801 1792 863 ΑΨ.
1820 799 1887 863 2,
1911 798 2256 861 1o.—6)A1›
2282 801 2696 866 Augustoeurto·

649 895 786 944 diam
801 894 1039 951 cistarum
1059 891 1255 940 selecti·
1276 906 1336 939 ex
1349 890 1578 953 Eque-tri
1594 889 1769 939 ordine
1783 889 2066 938 mandatam
2080 890 2236 940 refert
2252 891 2383 940 Ptin.
2407 892 2474 941 55
2488 930 2504 955 ,
2525 894 2593 959 Ως
2607 904 2697 958 qui

655 985 794 1034 unde
815 984 1065 1049 nonyenu’
1085 981 1315 1029 dicantur
1335 1017 1352 1045 ,
1376 995 1439 1028 an
1463 980 1726 1043 quisquam
1747 978 1925 1029 viderit
1941 1014 1958 1040 ‚
1979 979 2173 1044 ignoro.
2189 1008 2255 1017 --
2268 981 2333 1047 7)
2354 981 2430 1031 Cf.
2455 982 2612 1031 Varro
2634 985 2698 1033 de

648 1070 903 1136 ΑΜ,
929 1070 1024 1134 17,
1048 1071 1152 1119 cic.
1179 1072 1240 1119 do
1273 1054 1405 1134 ιφ
1428 1071 1555 1133 Aqr.
1579 1070 1644 1130 2,
1669 1068 1882 1136 2.-8)
1920 1069 1997 1118 cf.
2020 1068 2260 1119 vmoaa
2285 1070 2443 1122 ΑΒ.
2467 1071 2537 1137 5,
2559 1073 2692 1123 2.-

644 1163 701 1225 9)
723 1162 799 1210 Cf.
816 1158 925 1209 mv.
942 1160 1005 1223 6,
1026 1159 1110 1207 90.
1129 1155 1395 1221 -1o)cs.
1412 1156 1518 1206 Liv.
1536 1158 1571 1206 Ξ
1589 1195 1605 1221 ,
1623 1157 1796 1222 56,5,
1819 1157 1902 1207 11.
1926 1157 2003 1207 Cf.
2023 1157 2128 1207 Cic.
2151 1159 2263 1209 Cat.
2284 1159 2455 1228 5,12,
2478 1161 2692 1212 Brinnon-

646 1253 711 1302 de
729 1252 909 1303 For-m.
930 1265 984 1315 p.
1006 1246 1104 1297 152
1119 1249 1173 1294 et
1187 1244 1276 1295 191
1300 1281 1319 1310 ,
1337 1246 1545 1297 Schulze
1562 1262 1616 1311 p.
1635 1248 1753 1296 276.

740 1367 896 1432 167.
948 1364 1163 1449 Coepta
1190 1362 1440 1429 comitia
1468 1384 1610 1449 quae
1632 1361 1938 1449 impedire
1971 1366 2320 1451 potuerint,
2355 1390 2537 1454 supra
2578 1376 2691 1433 σει-ὲ

641 1477 979 1546 tendimus.
1015 1478 1386 1544 Centuriatis
1415 1478 1744 1563 proprium
1773 1476 2022 1563 dirimi,
2052 1480 2101 1544 si
2137 1481 2427 1546 vexillum
2462 1482 2530 1545 in
2570 1483 2690 1548 Ja—

644 1597 858 1662 niculo
888 1594 915 1685 (
930 1594 991 1680 §.
1029 1590 1221 1681 161.)
1251 1592 1566 1657 sublatum
1608 1589 1697 1681 1).
1725 1594 1862 1658 Uno
1891 1593 2035 1678 die,
2068 1596 2192 1660 sive
2207 1581 2337 1661 ’alia
2370 1595 2448 1660 de
2470 1617 2652 1662 causa
2673 1646 2693 1681 ,

644 1713 769 1776 sive
799 1720 979 1774 nocte
1010 1707 1357 1792 incidente,
1394 1728 1519 1771 non
1555 1719 1801 1792 peracta
1823 1757 1841 1792 ,
1888 1709 2008 1774 alio
2038 1709 2290 1797 peragi,
2322 1712 2478 1798 quin
2506 1712 2692 1787 etiarn

641 1835 887 1912 peracta
911 1821 1138 1908 populo
1165 1820 1374 1883 denuo
1398 1823 1658 1903 proponi
1690 1833 1972 1903 poterant
1995 1870 2012 1903 ‚
2043 1825 2174 1887 sive
2202 1826 2525 1910 mutandi,
2554 1848 2695 1913 quae

639 1946 939 2025 jusserat,
968 1936 1092 1999 sive
1115 1981 1133 2017 ,
1175 1953 1317 2019 quae
1362 1930 1698 2016 rejecerat,
1731 1931 2104 2018 impetrandi
2136 1937 2392 2002 consilio
2425 1935 2515 2026 2).
2549 1940 2693 2003 Ma-

645 2051 1000 2143 gistratibus
1041 2071 1113 2113 ex
1150 2057 1323 2134 parte
1371 2056 1617 2111 tantum
1664 2050 1883 2112 creatis
1904 2072 1922 2132 ;
1970 2072 2095 2136 quo
2143 2050 2515 2117 trahendum
2561 2075 2693 2118 non

646 2168 909 2256 explere
936 2165 1278 2229 centuriae
1299 2208 1322 2236 ,
1352 2184 1483 2227 non
1519 2163 1833 2249 conficere
1866 2163 2165 2253 leqitt‘ma
2194 2167 2527 2257 cuffmqia
2568 2164 2691 2255 3),

648 2284 812 2349 varia
838 2291 970 2367 erat
996 2274 1397 2344 consuetudo.
1426 2276 1680 2342 Consuli
1728 2288 1936 2341 creato
1968 2279 2269 2365 collegam
2291 2303 2325 2344 e
2354 2280 2695 2347 candidatis

647 2397 877 2483 eligere
928 2391 1152 2457 licebat
1191 2387 1316 2478 4);
1360 2390 1562 2455 simile
1609 2389 1758 2455 olim
1795 2390 1863 2455 in
1901 2390 2192 2456 Tribunis
2229 2392 2530 2481 obtinuit,
2562 2407 2695 2483 post

648 2518 958 2574 mutatum
1008 2500 1108 2591 5).
1153 2500 1525 2567 Praetoribus
1576 2524 1690 2566 cur
1735 2525 1864 2566 non
1911 2504 2354 2571 concederetur
2373 2555 2391 2590 ,
2443 2530 2692 2576 causam

648 2620 965 2707 attigimus
994 2614 1090 2707 (§.
1130 2611 1326 2702 158.)
1361 2613 1731 2678 censoribus
1763 2616 2080 2700 proprium
2101 2664 2118 2698 ,
2149 2618 2318 2703 quod
2348 2620 2463 2684 rite
2494 2623 2693 2687 creari

651 2758 779 2801 non
809 2743 1089 2820 poterant
1130 2732 1250 2795 nisi
1290 2728 1475 2794 ambo
1497 2727 1714 2792 eodem
1739 2727 1839 2792 die
1871 2727 1977 2817 6).
2015 2730 2275 2796 Comitia
2307 2735 2646 2799 centuriata
2671 2784 2690 2820 ,

652 2862 721 2915 ut
752 2848 960 2913 omnia
985 2896 1002 2929 ,
1034 2844 1447 2911 comitialibus
1480 2853 1720 2906 tantum
1765 2841 1983 2907 diebus
2018 2843 2425 2911 habebantur.
2450 2847 2689 2933 Magis-

650 2975 925 3029 tratuum
970 2960 1195 3025 creatio
1238 2969 1511 3042 tempore
1560 2956 1850 3041 variavit,
1904 2954 2010 3021 sed
2053 2956 2131 3021 de
2175 2980 2385 3044 more,
2425 2963 2691 3047 exceptis

652 3092 858 3142 lamen
893 3073 1261 3139 Censoribus
1282 3120 1299 3154 ,
1341 3071 1575 3156 aliquot
1612 3092 1850 3134 menses
1878 3082 2023 3135 ante
2052 3071 2218 3137 diem
2243 3123 2259 3156 ,
2298 3096 2421 3161 quo
2457 3098 2689 3140 munus

652 3192 923 3271 inibant,
952 3187 1320 3254 creabantur
1341 3234 1358 3267 ‚
1393 3183 1691 3270 designati
1716 3183 1968 3250 interim
2007 3179 2315 3274 adp'ellati.
2344 3189 2488 3253 Dies
2511 3190 2689 3254 Con-—

652 3305 888 3369 sulibus
916 3303 996 3366 ab
1023 3322 1186 3364 anno
1211 3298 1367 3364 DCI.
1398 3300 1543 3364 Kal.
1569 3300 1705 3363 Jan.
1732 3348 1750 3383 ,
1784 3311 1926 3364 ante
1957 3300 2052 3366 Id.
2078 3303 2250 3369 Mart.
2269 3352 2288 3387 ,
2317 3305 2473 3368 alius
2502 3305 2687 3368 etiam

651 3416 999 3505 antiquiore
1021 3425 1316 3499 tempore.
1360 3414 1699 3478 Praetorum
1737 3416 1986 3481 comitia
2014 3418 2109 3481 vel
2130 3416 2348 3483 eodem
2376 3397 2516 3500 die,
2560 3438 2686 3502 quo

656 3533 995 3601 Consulum
1018 3579 1036 3613 ,
1066 3530 1159 3594 vel
1182 3550 1364 3614 parvo
1387 3528 1727 3594 intervallo.

724 3650 783 3711 1)
808 3647 884 3698 cr.
909 3645 1147 3695 moen..
1172 3642 1269 3706 57,
1293 3643 1378 3692 28.
1398 3670 1459 3680 --
1480 3643 1677 3706 mmv.
1709 3642 2012 3708 7,17,1ο,
2035 3644 2097 3706 o,
2119 3644 2208 3706 51,
2233 3644 2265 3692 e
2288 3648 2338 3692 et
2357 3642 2419 3704 7,
2443 3635 2688 3706 εῑοζρωε

542 3729 547 3734 “
655 3738 911 3791 roa.⁴.-
933 3738 985 3801 5)
1011 3736 1074 3785 v.
1105 3735 1212 3784 mv.
1238 3733 1300 3797 5,
1325 3731 1408 3783 64.
1431 3733 1525 3796 57,
1550 3733 1718 3784 4¹1.—
1741 3733 1805 3798 4)
1828 3735 1904 3784 cr.
1929 3734 2035 3784 mv.
2058 3733 2153 3798 57,
2178 3733 2260 3783 47.
2281 3760 2338 3770 -
2367 3732 2429 3797 5)
2464 3732 2539 3781 cr.
2573 3733 2685 3782 mv.

658 3828 807 3891 5,64
837 3820 1594 3893 ete5.-u>cs.1.iv.9,54.

1372 3963 1634 4006 com'rm
1680 3964 1757 4006 ΤΒ
1764 3962 1968 4006 num..

754 4087 900 4148 108.
953 4082 1353 4152 Comitiorum
1385 4082 1755 4148 tributorum
1790 4081 1984 4147 multo
2019 4057 2350 4166 simplicior
2380 4093 2468 4146 est
2497 4082 2681 4164 ratio,
