3111 4829
1534 386 1576 467 (-
1599 385 1720 448 41s
1756 387 1784 463 )

647 544 785 589 mus
815 522 910 614 (§.
941 519 1140 611 378.)
1180 521 1266 586 Ex
1308 518 1405 584 his
1434 529 1724 605 superant
1742 517 2000 604 Catoni,
2044 530 2207 585 sexto
2245 519 2414 585 urbis
2447 525 2688 590 saeculo

643 637 928 721 florenti,
956 658 1082 702 non
1106 637 1247 702 satis
1268 645 1435 700 certe
1462 633 1844 700 adtributum
1872 683 1890 717 ,
1927 643 1989 698 et
2020 635 2315 704 Varronis
2332 683 2351 718 ,
2386 636 2690 705 Ciceroni

644 752 931 839 sequeus,
985 750 1064 816 de
1113 748 1211 815 Re
1263 747 1542 814 Rustica
1600 748 1990 834 opusculum.
2043 750 2320 819 Varrone
2384 752 2693 836 posterior

650 865 987 931 Columella
1011 913 1030 950 ‚
1071 865 1253 950 cujus
1288 865 1589 929 librorum
1628 865 1883 929 ultimus
1911 886 2127 950 poema
2157 863 2235 928 de
2269 864 2469 930 Cultu
2490 866 2690 930 Hor—-

646 993 862 1046 torum
881 1006 909 1060 ,-
940 981 1279 1050 Columella
1309 979 1602 1066 posterior
1633 978 1939 1043 Palladius
1968 978 2244 1045 Rutilius
2263 1028 2281 1062 ‚
2313 980 2496 1064 cujus
2523 981 2690 1047 item

642 1095 901 1160 ultimus
927 1094 1083 1158 liber
1113 1092 1192 1157 de
1215 1091 1541 1158 [mitione
1568 1094 1756 1179 ligata
1784 1093 2081 1159 oratione.
2109 1094 2162 1157 E
2186 1095 2380 1179 poetis
2407 1094 2487 1160 ad
2506 1096 2691 1183 agri-
2747 1177 2754 1182 ἦ

644 1209 952 1273 culturam
984 1207 1294 1292 pertinent
1311 1206 1560 1292 Virgilii
1591 1203 1935 1295 Georgica.

738 1349 887 1409 420.
937 1343 1223 1410 Medendi
1244 1338 1438 1410 artem
1457 1345 1677 1409 Romae
1702 1343 1900 1409 Graeci
1931 1346 2057 1410 fere
2081 1394 2098 1429 ‚
2131 1358 2192 1410 et
2213 1348 2280 1410 in
2302 1346 2402 1411 his
2428 1368 2683 1435 quoque

645 1460 799 1524 servi
836 1462 1099 1524 maxime
1145 1471 1254 1524 aut
1291 1459 1607 1541 libertini,
1659 1458 1738 1522 ab
1775 1468 2043 1524 extrema
2083 1459 2364 1525 libertate
2417 1462 2688 1549 ingenui

642 1574 828 1638 etiam
860 1573 1262 1656 exercebant,
1306 1595 1453 1638 cum
1493 1573 1641 1637 artis
1674 1571 1907 1636 honore
1936 1583 2250 1637 crescente
2289 1573 2689 1642 medicorum

640 1711 901 1754 numero
925 1737 943 1771 ‚
994 1685 1327 1775 privilegiis
1376 1690 1562 1754 etiam
1617 1690 1913 1754 concessis
1938 1739 1956 1773 ,
2006 1711 2125 1754 nec
2179 1690 2326 1774 ipsis
2379 1692 2692 1758 Romanis

638 1826 819 1889 porro
861 1802 1186 1866 medicinae
1233 1801 1506 1867 studium
1554 1799 2056 1890 dedignantibus,
2113 1807 2284 1869 Inter
2332 1807 2692 1893 superstites

640 1929 849 1981 autem
888 1927 1164 1981 auctores
1206 1916 1553 2001 praecipuus
1585 1917 1904 1981 Cornelius
1947 1917 2161 1983 Celsus
2186 1968 2202 2001 ,
2245 1920 2358 1984 sub
2396 1922 2687 2005 Augusto

639 2042 703 2096 et
745 2028 987 2093 Tiberio
1034 2028 1291 2111 florens,
1341 2049 1376 2091 e
1426 2027 1609 2112 cujus
1654 2029 1927 2115 encyclio
1969 2051 2151 2114 opere
2191 2031 2408 2095 servati
2450 2031 2526 2094 de
2571 2030 2680 2098 Re

638 2119 1073 2211 Mediealibri
1104 2141 1251 2210 VIII
1280 2139 1654 2206 medIcinam
1677 2152 1736 2206 et
1757 2140 2138 2230 chirurgiam
2168 2146 2674 2232 complectentes-

643 2258 817 2325 Celso
854 2255 1103 2343 aequalis
1140 2255 1447 2320 Antonius
1480 2255 1651 2320 Musa
1675 2304 1693 2339 ‚
1725 2256 1991 2342 Augusti
2023 2257 2281 2330 libertus
2307 2309 2324 2343 ,
2355 2262 2460 2325 cui
2497 2263 2678 2350 frag-

641 2385 847 2437 menta
872 2367 1153 2457 quaedam
1182 2369 1329 2434 falso
1351 2369 1734 2435 tribuuntur.
1766 2370 1959 2437 Paulo
1990 2373 2284 2459 posterior
2312 2376 2678 2444 Scribonius

637 2489 869 2572 Largus
887 2534 905 2568 ‚
942 2494 1154 2549 auctor
1181 2483 1461 2568 opusculi
1485 2483 1563 2548 de
1599 2483 2180 2572 Compositionibus
2202 2488 2679 2556 Medicamen—

642 2598 875 2662 forum.
907 2598 959 2660 E
986 2594 1460 2680 compilantibus
1492 2597 1731 2661 serioris
1758 2597 1870 2663 aevi
1911 2611 2177 2665 servatus
2217 2602 2487 2668 Marcelli
2515 2606 2678 2668 Em-

638 2710 816 2797 pirici
865 2708 943 2772 de
992 2706 1498 2773 Medicamentis
1523 2756 1540 2781 ‚
1581 2711 1688 2775 eui
1720 2713 2006 2777 nonnulli
2032 2736 2283 2780 carmen
2320 2738 2564 2804 quoque
2588 2715 2677 2782 do

640 2823 948 2889 medicina
991 2822 1083 2913 (v.
1133 2822 1348 2888 Burm.
1382 2821 1656 2888 Anthol.
1697 2847 1753 2888 v.
1804 2829 1866 2893 2.
1906 2850 1968 2913 p.
2004 2827 2204 2917 389.)
2248 2832 2514 2896 tribuere
2538 2880 2555 2914 ,
2605 2843 2678 2897 et

638 2936 887 3026 Vegetii
924 2936 1149 3003 Renati
1191 2935 1269 3001 de
1306 2935 1403 3001 Re
1454 2935 1533 3005 V
1526 2941 1896 3005 eterinaria
1938 2940 2114 3008 liber.
2166 2944 2262 3009 De
2304 2945 2493 3031 poetis
2537 2943 2677 3011 huc

588 3140 589 3145 ἵ
639 3050 1000 3117 referendus
1027 3051 1293 3115 Serenus
1320 3050 1767 3117 Sammonicus.

737 3169 886 3233 421.
935 3164 1010 3227 In
1066 3164 1299 3229 caeteris
1344 3163 1680 3251 disciplinis
1724 3167 1969 3233 Graecos
2016 3170 2325 3238 imitantes
2370 3176 2570 3262 magis
2612 3189 2681 3242 et

646 3278 1044 3364 compilantes
1074 3277 1374 3361 Romani,
1403 3300 1592 3366 quam
1620 3278 1700 3344 ab
1729 3281 1804 3345 iis
1826 3282 2044 3348 tradita
2071 3297 2178 3350 aut
2205 3300 2500 3374 augentes
2522 3312 2684 3357 ma-

645 3415 917 3481 gnopere
937 3403 1044 3457 aut
1066 3392 1484 3478 perficientes,
1513 3393 1579 3456 in
1598 3393 2086 3480 jurisprudentia
2107 3419 2223 3463 nec
2245 3399 2467 3465 imitati
2495 3415 2639 3466 sunt
2658 3454 2681 3488 ,

641 3520 706 3572 et
747 3511 931 3595 longe
972 3507 1319 3593 proestitere.
1353 3509 1764 3573 Jureconsulti
1801 3521 2009 3575 autem
2038 3559 2056 3594 ,
2099 3523 2160 3577 et
2201 3515 2549 3601 antiquiore
2580 3518 2682 3580 li·-

640 3624 892 3689 bertatis
933 3633 1204 3706 tempore
1228 3672 1246 3705 ,
1274 3632 1336 3686 et
1358 3621 1507 3687 inde
1529 3623 1609 3687 ab
1638 3635 1906 3690 extrema
1938 3626 2191 3711 plurimi
2232 3627 2523 3694 celebrati
2570 3628 2679 3719 1);

641 3738 711 3800 in
739 3737 967 3822 quibus
992 3736 1179 3800 Mucii
1197 3737 1478 3802 Scaevoloe
1500 3738 1740 3824 plures,
1765 3739 2085 3805 Trebatius
2112 3741 2284 3806 Testa
2299 3790 2318 3827 ,
2342 3756 2403 3807 et
2424 3744 2680 3809 Servius

643 3850 953 3933 Sulpicius
977 3898 995 3933 ‚
1055 3849 1341 3916 Cice'roni
1404 3852 1707 3940 aequales,
1772 3854 2030 3919 Alfenus
2082 3856 2319 3940 Varus,
2369 3859 2681 3923 Antistius

640 3960 844 4025 Labeo
862 4010 880 4043 ,
910 3965 1123 4029 Nerva.
1161 3964 1218 4028 A
1248 3966 1492 4030 Tiberio
1527 3965 1676 4031 inde
1706 3965 1975 4032 distincti
2005 3967 2324 4034 Sabiniani
2352 3982 2410 4035 et
2435 3973 2680 4037 Procu-

638 4070 832 4157 liani,
880 4075 972 4140 illi
1009 4087 1257 4146 auctore
1311 4079 1492 4164 Atejo
1542 4079 1834 4167 Capitone
1872 4090 1934 4144 et
1976 4080 2239 4148 masurio
2281 4083 2554 4170 Sabino,
2602 4087 2678 4156 hi
