3111 4829
1527 403 1781 497 (274)

645 554 768 601 cisis
785 552 917 600 actio
938 553 1232 616 competent
1246 580 1264 610 ,
1287 543 1589 610 qonemlteer
1608 545 1669 591 de
1691 531 1958 591 arboribus
1978 538 2191 588 succisis
2215 538 2522 602 loquer-etur.
2541 563 2603 574 -
2620 536 2677 601 2)

649 642 728 690 Cf.
753 640 859 690 Liv.
881 638 914 689 4
933 675 950 704 ,
974 638 1008 687 δ
1019 673 1037 702 ,
1059 653 1166 686 non
1188 636 1259 685 od
1272 634 1432 697 fastos
1449 668 1467 698 ,
1507 649 1614 683 non
1636 633 1708 681 ad
1748 632 2129 680 commentarios
2159 629 2471 694 Pontificum
2492 629 2683 678 admit-

644 733 826 780 timur.
849 756 909 766 —
928 728 981 790 ὅ)
1006 727 1081 776 cf.
1103 763 1119 790 ,
1141 741 1242 774 non
1265 740 1462 788 gravem
1486 723 1571 771 hic
1590 759 1606 785 ‚
1634 722 1793 771 fateor
1814 757 1830 784 ,
1858 725 2038 769 testem
2054 755 2073 785 ,
2099 719 2210 768 Val.
2235 719 2361 768 Max.
2382 757 2399 784 ,
2424 719 2458 768 2
2475 755 2492 784 ,
2514 719 2548 769 5
2565 755 2582 784 ,
2607 718 2641 767 2
2659 754 2678 782 ,

642 824 740 886 jus
762 822 910 870 civile
923 855 942 885 ,
963 836 1059 883 per
1085 817 1250 866 multa
1272 816 1460 865 soecula
1480 817 1616 864 inter
1635 830 1783 863 sacra
1803 814 2226 876 coeremoniasque
2246 812 2457 860 deorum
2471 812 2680 858 immor-

643 912 831 961 talium
869 909 1100 959 abditum
1136 905 1356 969 solisque
1387 903 1717 968 pontificibus
1749 909 1925 952 notum
1944 938 1962 965 ‚
1987 901 2081 951 Cn.
2107 901 2327 951 Πανία
2350 927 2411 937 -
2430 900 2684 962 vulqus-il.

647 1026 714 1040 —
735 1000 790 1066 4)
815 999 892 1048 cf.
915 998 1047 1048 Plin.
1071 995 1165 1059 35,
1190 995 1248 1060 1,
1273 994 1378 1043 Cic.
1395 1012 1456 1058 p.
1481 994 1634 1043 Mur.
1661 992 1846 1051 11.(v.
1863 1008 1917 1057 p.
1938 990 2094 1052 2¹15.)

744 1149 954 1214 271.¹··
1023 1146 1116 1211 De
1146 1145 1438 1210 diuturna
1470 1145 1641 1206 enim
1666 1154 1959 1228 tanquam
1985 1144 2146 1225 juris
2172 1142 2539 1228 possessione
2561 1161 2679 1226 pa-

649 1263 856 1327 tricios
887 1259 977 1350 (c.
1010 1281 1066 1323 a.
1110 1253 1307 1344 450.)
1346 1254 1688 1341 depulisse,
1729 1255 1801 1317 iis
1830 1255 2227 1338 auctoribus,
2270 1255 2444 1342 queis
2486 1253 2675 1318 fidem

645 1397 876 1462 negare
902 1371 1148 1437 difficile
1163 1420 1181 1455 ,
1213 1370 1407 1434 fertur
1427 1368 1520 1432 vir
1542 1390 1669 1432 non
1692 1390 1871 1453 parva
1898 1369 1965 1431 in
2005 1369 2330 1434 annalibus
2352 1418 2369 1452 ,
2392 1368 2679 1456 quamvis

642 1513 771 1556 non
809 1486 1098 1552 omnibus
1130 1483 1405 1568 partibus
1449 1482 1904 1564 consentiente,
1951 1481 2117 1547 fama
2161 1480 2249 1569 1).
2293 1482 2353 1546 Is
2393 1482 2514 1545 fuit
2555 1481 2673 1546 Cn.

640 1602 881 1668 Flavius
907 1624 922 1664 z
956 1619 1144 1685 quem
1171 1596 1379 1683 fastos
1398 1594 1638 1680 populo
1655 1598 2071 1682 proposuisse
2086 1641 2111 1671 ,
2139 1608 2200 1659 et
2225 1595 2310 1660 ab
2331 1598 2500 1684 ipsis
2520 1617 2677 1658 cau-

653 1719 738 1779 tis
750 1708 1267 1801 jurisconsultis
1312 1728 1535 1770 eorum
1581 1709 1933 1771 scientiam
1980 1709 2411 1795 compilasse,
2462 1708 2675 1775 Cicero

645 1829 718 1891 in
745 1824 1017 1889 oratione
1049 1844 1155 1908 pro
1185 1822 1438 1884 Murena
1471 1817 1577 1908 2),
1616 1823 1905 1885 actiones
1939 1823 2310 1908 exposuisse
2332 1870 2350 1905 ,
2388 1820 2559 1885 idem
2602 1822 2671 1884 in

638 1940 796 2003 libro
841 1935 917 2001 de
947 1946 1182 2000 oratore
1213 1930 1313 2020 3),
1356 1935 1566 2020 fastos
1604 1934 1998 2021 protulisse,
2030 1937 2441 2022 actionesque
2491 1956 2670 1997 com-

636 2054 965 2139 posuisse,
1014 2047 1180 2112 idem
1213 2045 1280 2109 in
1327 2046 1577 2132 epistola
1609 2046 1685 2112 ad
1732 2047 2006 2112 Atticum
2054 2044 2161 2135 4),
2207 2048 2410 2112 Livius
2454 2057 2667 2111 autem

642 2166 726 2254 (9
748 2215 764 2248 ,
810 2159 993 2250 46‚),
1026 2162 1217 2226 civile
1248 2162 1377 2249 jus
1414 2165 1773 2250 repositum
1814 2166 1889 2226 in
1915 2161 2371 2250 penetralibus
2398 2163 2669 2250 pontifi—

639 2301 788 2343 cum
827 2276 1197 2364 evulqasse,
1231 2276 1565 2363 fastosque
1614 2277 1800 2338 circa
1835 2271 1903 2360 5)
1948 2275 2166 2362 forum
2214 2278 2287 2339 in
2316 2274 2463 2339 albo
2499 2296 2669 2364 pro-

631 2393 931 2478 posuisse
952 2436 977 2466 ,
1009 2400 1117 2465 ut,
1152 2386 1416 2477 quando
1455 2387 1591 2478 leqe
1629 2390 1747 2478 aqi
1772 2400 2029 2475 posset,
2062 2390 2391 2465 sciretur,
2423 2398 2670 2454 testatus

639 2513 748 2567 est.
784 2499 883 2565 Ad
917 2521 1055 2586 quae
1097 2521 1326 2563 novum
1349 2548 1367 2582 ,
1416 2521 1484 2563 ex
1530 2500 1654 2564 suis
1697 2511 1904 2564 tamen
1931 2550 1948 2584 ,
1983 2501 2233 2586 opinor,
2273 2502 2626 2567 auctoribus
2648 2550 2669 2585 ,

635 2613 868 2680 addens
896 2612 1266 2697 Pomponius
1293 2608 1399 2699 6),
1422 2610 1691 2700 Appius
1736 2611 2063 2677 Claudius
2080 2659 2105 2689 ,
2130 2614 2253 2697 ait,
2281 2638 2480 2702 quum
2502 2637 2670 2678 com-

629 2732 957 2816 posuisset
999 2726 1153 2813 (alia
1194 2726 1374 2790 lectio
1413 2723 1648 2814 prop.)
1670 2772 1694 2802 ,
1737 2738 1804 2791 et
1847 2726 1942 2791 ad
1982 2730 2268 2815 sormam
2313 2727 2673 2815 redeqisset

635 2843 800 2929 leqis
834 2841 1158 2912 actiones,
1189 2838 1299 2904 Cn.
1347 2839 1653 2923 Flavium,
1698 2838 1959 2903 scribam
2003 2840 2140 2925 ejus
2170 2837 2238 2928 7)
2261 2889 2277 2922 ‚
2304 2840 2664 2925 subreptum

628 2953 863 3017 librum
884 3001 901 3034 ,
925 2952 1080 3038 quin
1105 2951 1182 3015 de
1205 2974 1314 3016 suo
1336 2952 1679 3039 quidquam
1706 2952 1999 3038 adjecerit
2023 3003 2039 3037 ,
2066 2954 2291 3040 populo
2316 2953 2668 3037 tradidisse;

634 3065 807 3130 hunc
859 3065 1092 3129 librum
1148 3063 1443 3150 adpellari
1479 3066 1586 3149 jus
1621 3067 1800 3131 civile
1838 3067 2217 3133 Flavianum.
2270 3068 2428 3133 Cum
2477 3069 2667 3133 Pom-

632 3182 818 3266 ponio
869 3191 1120 3244 eatenus
1161 3180 1461 3243 consentit
1506 3180 1743 3245 Plinius
1786 3181 1951 3272 (33,
2005 3179 2147 3269 1.),
2192 3182 2357 3270 quod
2389 3184 2663 3248 Flavium

634 3293 819 3379 Appii
846 3292 1006 3358 caeci
1053 3291 1315 3356 scribam
1368 3291 1517 3356 facit
1541 3317 1560 3376 ;
1608 3304 1942 3378 caeterum,
1991 3316 2107 3361 nee
2149 3296 2302 3382 legis
2350 3297 2665 3360 actionum

632 3402 954 3488 meminit,
999 3414 1060 3468 et
1099 3402 1227 3468 dies
1268 3403 1482 3488 fastos,
1528 3403 1605 3468 de
1653 3405 1881 3491 quibus
1928 3407 2021 3470 nil
2049 3407 2460 3493 Pomponius,
2511 3429 2666 3492 quos

633 3520 823 3605 ipsius
853 3517 1036 3603 Appii
1073 3514 1319 3582 hortatu
1349 3519 1716 3604 excepisset,
1759 3542 1795 3584 a
1844 3520 2047 3586 Flavio
2088 3519 2423 3607 publicatos
2455 3520 2657 3585 refert.

631 3633 784 3714 Sed,
827 3633 892 3697 iu
931 3632 1201 3698 variante
1238 3633 1316 3698 de
1358 3635 1675 3698 nonnullis
1722 3636 1925 3719 fama,
1969 3636 2035 3699 in
2082 3634 2198 3699 hoc
2240 3656 2385 3698 cum
2427 3637 2663 3699 caeteris

630 3748 919 3812 omnibus
949 3748 1223 3812 Gellium
1248 3770 1494 3836 quoque
1523 3759 1972 3834 congruentem
2002 3748 2313 3811 cernimus
2336 3796 2353 3829 ,
2382 3748 2660 3814 Flavium

627 3860 915 3925 libertino
947 3873 1115 3947 patre
1143 3874 1358 3928 natum
1380 3912 1398 3946 ,
1432 3874 1530 3945 et,
1557 3885 1757 3949 quum
1791 3862 2063 3949 primum
2090 3860 2287 3927 scriba
2327 3884 2428 3927 ma
2437 3864 2660 3950 gistra-

626 3973 792 4038 tibus
811 3973 1191 4060 adparuisset
1206 4027 1222 4060 ,
1245 3977 1325 4043 ad
1348 3978 1630 4042 curulem
1660 3976 2037 4041 AEdilitatem
2062 3997 2258 4063 usque
2282 3978 2657 4064 pervenisse3

627 4084 829 4170 unde,
862 4087 910 4151 si
943 4110 1123 4153 nemo
1157 4068 1431 4155 veterum
1462 4089 1842 4175 adfirmaret,
1892 4100 2105 4155 tamen
2144 4090 2290 4174 jure
2329 4092 2656 4179 colligere-
