3111 4829
634 411 745 457 XIV
1492 412 1835 457 rumano.

638 548 719 592 an
766 546 891 590 non
925 524 1205 611 ponenda
1247 524 1477 591 ordinis
1502 530 1921 595 centuriarum
1952 529 2019 593 in
2059 528 2344 617 suffragia
2365 529 2653 593 euntium

637 649 870 705 mutata
911 640 1062 704 ratio
1092 639 1198 731 (§.
1243 637 1459 728 163.);
1510 640 1590 706 de
1635 665 1758 730 qua
1799 665 1947 710 cum
1991 644 2252 709 minime
2307 642 2654 731 probassem

639 751 906 818 Schulzii
930 801 947 836 ,
967 753 1055 819 Cl.
1074 754 1163 824 *Vi
1172 750 1219 819 ri
1245 802 1264 837 ,
1293 755 1359 818 in
1380 754 1535 819 libro
1568 756 1646 820 de
1671 755 1972 823 Consiliis
1989 756 2478 848 Romanorum(
2495 755 2658 821 iiber

640 863 748 928 die
767 863 842 933 V
838 865 1545 956 olkevereammlunqen
1561 868 1680 934 der
1695 867 2019 958 Roemer),
2034 871 2418 953 sententiam,
2432 869 2662 955 proba-

639 977 918 1043 biliorem
962 1002 998 1044 a
1040 979 1342 1067 Saviguyo
1384 983 1749 1068 propositam
1793 1006 1923 1049 sero
1964 985 2241 1072 cognovi.
2295 985 2412 1050 Hic
2448 983 2660 1065 enim,

640 1094 825 1179 longe
853 1093 1286 1158 celeberrimus
1307 1106 1521 1160 auctor
1541 1142 1561 1180 ,
1605 1096 1855 1162 alterius
1893 1097 2056 1164 male
2082 1097 2378 1183 neglectas
2405 1095 2663 1180 opinio-

645 1209 743 1270 nis
781 1207 1081 1292 interpres
1102 1255 1121 1293 ,
1168 1219 1410 1294 excepta
1454 1222 1615 1276 sexta
1657 1212 1844 1276 classe
1870 1260 1889 1297 ,
1945 1212 2049 1277 cui
2097 1233 2286 1277 unam
2326 1210 2664 1297 relinquit,

646 1322 904 1408 singulis
928 1322 1216 1387 classibus
1234 1345 1269 1388 e
1293 1324 1568 1409 qualibet
1598 1325 1766 1390 tribu
1789 1325 1943 1392 duas
1962 1375 1982 1411 ‚
2020 1328 2276 1391 alteram
2292 1326 2618 1411 juniorum
2644 1386 2663 1420 ‚

645 1435 897 1501 alteram
918 1436 1225 1501 seniorum
1243 1485 1263 1521 ‚
1284 1439 1591 1503 centurias
1611 1439 1829 1504 tribuit
1847 1465 1862 1522 ;
1887 1441 2053 1506 sicin
2079 1441 2356 1529 quinque
2375 1439 2670 1504 classibus

647 1549 996 1636 duplicatur
1034 1551 1310 1616 tribuum
1352 1573 1651 1618 numerus
1678 1553 1704 1644 (
1727 1554 1810 1621 cf.
1836 1553 1962 1621 Liv.
2011 1554 2078 1638 1,
2130 1557 2239 1621 43.
2264 1552 2290 1642 )
2314 1603 2333 1638 ,
2358 1564 2626 1641 suntque
2651 1599 2671 1634 ‚

649 1663 902 1749 adjectis
938 1666 1221 1755 equitum
1256 1667 1507 1753 triginta
1535 1669 1851 1757 quinque,
1890 1692 2042 1756 quas
2069 1692 2141 1734 ex
2163 1668 2429 1755 equestri
2452 1666 2674 1732 ordine

649 1801 687 1843 a
727 1801 975 1844 censore
1014 1781 1196 1845 lectas
1236 1781 1453 1866 primae
1494 1783 1670 1847 classi
1698 1783 2051 1869 conjungit,
2091 1782 2347 1848 omnino
2386 1791 2676 1845 trecentae

651 1894 956 1978 octoginta
985 1915 1085 1958 sex
1112 1894 1427 1960 centuriae.
1459 1897 1666 1982 AEque
1685 1895 1958 1961 abstrusa
1978 1896 2236 1982 quaestio
2260 1906 2350 1960 est
2373 1893 2453 1959 de
2474 1892 2675 1959 edicto

651 2018 946 2093 perpetuo
969 2030 1079 2093 per
1115 2007 1386 2072 Salvium
1429 2009 1749 2075 sulianum
1781 2008 1958 2095 jussu
1991 2009 2251 2075 Adriani
2288 2007 2682 2095 Imperatoris

651 2120 720 2184 in
751 2121 1067 2185 meliorem
1110 2120 1391 2186 ordinem
1425 2122 1756 2208 composito
1792 2122 1818 2215 (
1843 2129 1904 2214 §.
1938 2121 2127 2211 194.)
2148 2172 2166 2208 ‚
2212 2133 2432 2208 negata
2481 2121 2671 2185 etiam

655 2231 1020 2298 Praetoribus
1037 2253 1191 2296 nova
1212 2232 1410 2318 capita
1425 2234 1762 2319 adjiciendi
1782 2238 2052 2303 licentia.
2071 2238 2421 2322 Utrumque
2438 2235 2608 2300 enim
2633 2257 2673 2300 a

658 2346 972 2410 nonnullis
987 2344 1295 2432 hodieque
1308 2395 1326 2430 ,
1342 2358 1485 2413 ante
1499 2350 1779 2438 Hugonis
1798 2351 2228 2437 praevalentem
2243 2349 2670 2417 auctoritatem

657 2460 842 2543 vulgo
858 2456 1207 2523 tradebatur
1221 2482 1237 2542 3
1255 2460 1358 2543 cuj
1368 2483 1436 2523 us
1448 2475 1660 2528 senten
1668 2466 1838 2547 tiam,
1856 2488 1928 2529 ex
1942 2464 2325 2550 argumentis
2336 2464 2643 2528 aestimans
2660 2510 2679 2545 ,

660 2572 886 2659 quibus
915 2572 982 2635 in
1020 2572 1155 2655 ejus
1188 2570 1492 2635 Historia
1520 2575 1719 2660 juris
1746 2572 2036 2638 Romani
2071 2574 2098 2663 (
2128 2573 2514 2638 Geeclricble
2564 2572 2682 2636 dee

661 2687 1047 2750 roemieohen
1063 2682 1340 2772 Rechts)
1365 2685 1725 2751 confirmata
1748 2696 1935 2749 exstat
1959 2733 1976 2767 ‚
1998 2707 2197 2772 quum
2216 2707 2287 2749 ex
2314 2695 2485 2770 parte
2507 2731 2525 2769 ,
2548 2703 2683 2747 non

662 2800 969 2886 integram
1007 2799 1388 2886 probassem,
1422 2799 1743 2885 vulgarem
1786 2797 1854 2862 in
1885 2797 2257 2884 compendio
2285 2798 2537 2863 servavi.

756 2916 928 3000 Jam‚
957 2925 1059 2998 ut,
1083 2934 1222 3001 quae
1256 2910 1568 2977 monenda
1598 2922 1962 2997 supersunt,
1985 2911 2363 2997 paucissimis
2384 2910 2691 2996 adjician-

667 3041 810 3097 tur:
839 3026 1358 3118 quemadmodum
1378 3025 1446 3092 in
1472 3024 1657 3089 rebus
1679 3046 1834 3089 nova
1859 3046 1985 3089 non
2008 3035 2272 3109 temere,
2301 3023 2477 3089 sicin
2498 3045 2695 3088 enar-

670 3145 906 3210 ratione
950 3142 1030 3208 ab
1070 3141 1204 3206 aliis
1230 3140 1392 3203 bene
1422 3135 1689 3223 exposita
1715 3136 2088 3224 quandoque
2114 3137 2334 3223 exigua
2372 3146 2481 3201 aut
2522 3136 2699 3202 nulla

672 3259 1014 3324 mutatione
1053 3253 1220 3319 haud
1250 3252 1425 3317 inviti
1463 3249 1828 3337 recepimus.
1854 3250 2226 3339 Quanquam
2255 3251 2319 3315 id
2340 3251 2487 3316 alias
2505 3250 2704 3313 raris-

676 3373 828 3436 sime
852 3420 870 3454 ,
895 3371 964 3434 in
987 3391 1113 3433 uno
1148 3365 1446 3434 Schaaffio
1463 3414 1482 3449 ,
1511 3364 1695 3450 cujus
1734 3376 1795 3431 et
1822 3365 2103 3431 ordinem
2131 3366 2199 3429 in
2227 3363 2531 3451 primariis
2553 3383 2702 3446 par-

675 3487 841 3552 tibus
854 3482 1193 3571 jungendis
1222 3504 1332 3547 nos
1360 3492 1598 3547 secutos
1625 3504 1808 3568 supra
1839 3480 2143 3564 diximus,
2168 3477 2387 3563 saepius
2410 3473 2703 3540 accidisse

680 3602 907 3666 scimus
942 3598 1081 3691 (*):
1126 3620 1250 3686 quo
1293 3597 1548 3662 nomine
1587 3596 1639 3660 si
1677 3597 1818 3685 quis
1856 3617 2105 3683 operam
2148 3602 2419 3658 nostram
2447 3589 2706 3654 minoris

680 3715 868 3780 faciat
889 3762 906 3797 ,
935 3712 1106 3779 haud
1129 3734 1291 3800 aegre
1330 3714 1600 3777 feremus
1629 3711 1898 3799 gloriolas
1934 3708 2111 3774 nobis
2157 3716 2394 3792 partem
2423 3701 2663 3767 detrahi
2685 3752 2706 3789 ‚

685 3847 876 3913 quam
898 3825 1262 3911 compendio
1302 3824 1625 3891 scribendo
1662 3825 1898 3889 nullam
1933 3820 2305 3909 quaerimus3
2336 3814 2707 3905 plagiarium

758 3987 827 4052 (⁸)
851 3986 1141 4050 Quanquam
1156 3986 1208 4035 id
1230 3986 1392 4056 ipsum
1412 3988 1467 4039 in
1484 3991 1710 4040 correcta
1725 3999 1860 4037 nunc
1879 3988 1930 4035 et
1943 3982 2182 4049 ampliore
2199 3994 2349 4047 opera
2363 3978 2443 4028 vix
2465 3992 2676 4043 usquam
2691 4013 2708 4042 ,

690 4075 870 4144 opinor
883 4113 899 4145 ‚
922 4073 1197 4143 «ἆραι-οὔῆ.
