3111 4829
1526 442 1554 522 (
1599 442 1678 503 80
1720 439 1744 523 )

641 562 977 631 Caesaribus
1008 555 1510 644 emancipationis
1549 546 1703 617 ritus
1728 600 1745 635 ,
1787 559 1862 616 ut
1895 550 2033 616 alia}
2061 549 2279 613 veteris
2305 545 2658 633 reipublicoe

637 678 918 742 formulae
957 675 1347 759 actionesque
1387 670 1704 750 solennes,
1758 665 2001 754 legibus
2052 664 2455 750 moribusque
2500 683 2659 725 mu—

639 792 776 857 tatis
799 840 816 875 ,
846 790 978 876 jam
1014 789 1172 853 male
1212 783 1619 866 conveniens,
1664 792 1872 845 tamen
1918 779 1998 843 ab
2041 778 2356 844 Anastasio
2402 776 2660 865 demum

637 909 900 976 abolitus
915 915 1023 987 est,
1048 902 1256 968 solum
1273 897 1578 983 Principis
1603 895 1965 981 rescriptum
1987 863 2189 977 judici
2214 889 2662 957 insinuandum

640 1027 918 1112 exigente
966 1017 1057 1106 9).
1114 1013 1567 1099 Simpliciorem
1620 1010 1806 1073 etiam
1845 1029 2083 1071 morem
2121 1006 2418 1071 concessit
2458 1004 2664 1069 Justi-

639 1141 863 1205 nianus
889 1181 910 1214 ,
956 1152 1078 1219 quo
1132 1139 1301 1215 pater
1349 1147 1555 1191 coram
1597 1123 1959 1210 magistratu
1983 1169 2001 1204 ,
2051 1130 2345 1206 praesente
2394 1130 2455 1182 et
2497 1140 2664 1183 con-

640 1251 939 1318 sentiente
987 1245 1115 1309 filio
1162 1239 1311 1329 10),
1357 1238 1845 1327 pronunciabat:
1897 1236 2093 1300 Hune
2146 1238 2258 1298 sui
2283 1236 2479 1322 juris
2529 1255 2664 1297 esse

635 1368 862 1456 patior
880 1409 906 1438 ,
931 1380 1198 1451 meaque
1220 1377 1428 1458 manu
1445 1356 1634 1417 mitto
1660 1350 1792 1439 11).
1819 1349 1971 1416 Ritu
1991 1398 2008 1432 ,
2033 1346 2198 1412 uude
2221 1346 2664 1433 adpellabatur,

642 1489 909 1559 mutato,
935 1472 1159 1538 mansit
1197 1481 1404 1535 tamen
1441 1465 1945 1551 emancipationis
1976 1461 2366 1527 vocabulum.

711 1638 763 1703 1)
789 1637 849 1700 1,
888 1635 983 1695 19,
1016 1633 1068 1681 6.
1095 1644 1207 1693 sqq.
1228 1656 1288 1664 —
1306 1625 1357 1690 9)
1383 1625 1459 1674 cf.
1481 1625 1636 1672 Prisc.
1658 1660 1674 1688 ,
1710 1622 1791 1672 ed.
1812 1622 2039 1685 Putsch.,
2059 1638 2172 1687 pag.
2203 1620 2318 1671 796.
2355 1620 2529 1684 Idem„
2556 1635 2671 1685 pag.

641 1726 773 1790 799,
796 1722 1027 1788 impubes
1046 1720 1290 1781 libripens
1310 1730 1413 1762 esse
1435 1729 1539 1762 non
1557 1718 1747 1777 potest,
1769 1727 1933 1776 neque
1953 1712 2217 1759 antestari.
2250 1738 2311 1747 —
2332 1709 2386 1775 5)
2423 1709 2498 1758 Cf.
2530 1708 2673 1772 Ilugo

644 1817 694 1889 3.
705 1819 789 1868 76.
812 1833 865 1882 p
848 1813 958 1864 94.
972 1816 1023 1861 et.
1038 1809 1122 1858 95.
1146 1806 1261 1871 -4)
1286 1806 1382 1854 XII
1406 1803 1565 1851 'raba
1592 1802 1656 1853 Sc·
1668 1809 1819 1866 patm-
1836 1803 2008 1864 filium
2030 1808 2104 1848 ter
2122 1816 2308 1848 venum
2329 1801 2500 1883 davit,
2531 1800 2674 1862 filius

648 1924 684 1957 α
723 1913 870 1971 patre
912 1902 1036 1951 liber
1066 1895 1273 1946 es10.V
1312 1894 1425 1958 Ulp.
1465 1893 1678 1954 Fraqm.
1724 1889 1815 1953 10,
1855 1888 1957 1953 CaJ'.
1995 1888 2057 1951 1,
2097 1882 2211 1937 159.
2245 1887 2386 1935 Idem
2419 1887 2550 1950 155,
2580 1889 2677 1951 qus·

648 2016 711 2048 es·
728 1997 836 2061 filio
856 1991 1005 2042 semel
1024 1992 1264 2037 iterumve
1285 1986 1576 2045 mancipato
1594 1984 1864 2042 conceptus
1886 1985 1986 2041 est,
2007 1977 2122 2025 licet
2133 1984 2249 2040 post
2266 1979 2466 2025 tertiam
2482 1980 2677 2026 manci-

645 2088 906 2155 pationem
924 2081 1091 2144 patris
1117 2078 1207 2124 sui
1221 2079 1496 2136 nascatur,
1520 2079 1689 2119 tamen
1708 2071 1766 2117 in
1786 2083 1871 2123 σοι
1864 2070 2128 2130 'potestate
2148 2073 2248 2129 ese,
2270 2072 2319 2114 ee
2338 2067 2451 2114 ideo
2467 2065 2530 2116 ab
2549 2082 2605 2115 eo
2629 2075 2678 2116 et

645 2173 968 2237 emancipari
986 2175 1035 2218 et
1053 2171 1112 2216 in
1132 2167 1453 2230 adoptionem
1471 2163 1593 2211 dare*
1606 2166 1786 2224 potest,
1810 2163 1909 2206 etc.
1924 2185 1985 2194 -
2003 2157 2055 2220 5)
2075 2156 2291 2205 V.Paul.
2311 2156 2514 2221 Recept.
2532 2155 2674 2206 Sene.

648 2266 712 2330 9,
736 2263 835 2324 95,
853 2261 905 2310 9.
926 2256 1146 2323 —6)v.
1165 2254 1311 2302 Hein.
1336 2252 1404 2314 1,
1429 2251 1521 2313 19,
1544 2249 1595 2297 9.
1618 2248 1706 2297 ubi
1745 2246 1977 2295 formula.
2001 2244 2077 2293 Cf.
2101 2244 2205 2292 cic.
2246 2245 2308 2294 de
2351 2245 2451 2310 Off.
2477 2243 2675 2308 5,15,

649 2354 892 2405 adFam.
916 2349 978 2413 7,
1006 2348 1087 2396 19.
1109 2343 1238 2407 ——7)
1264 2341 1340 2391 Cf.
1363 2341 1467 2406 an.
1491 2340 1687 2389 Institi.
1707 2337 1839 2402 Epic.
1863 2336 1921 2399 1,
1944 2336 1995 2384 6.
2019 2334 2148 2400 -8)
2173 2335 2235 2382 V.
2259 2336 2363 2400 Caj.
2387 2335 2587 2398 Diqest.
2611 2334 2672 2397 1,

648 2446 714 2510 7,
736 2444 828 2506 98,
851 2441 982 2490 idem
1003 2437 1199 2488 lustin.
1226 2433 1290 2497 1,
1315 2431 1429 2481 155.
1450 2428 1669 2495 -9)V.
1693 2429 1731 2476 l.
1754 2428 1807 2477 5.
1830 2428 1886 2475 C.
1912 2428 1972 2475 de
1998 2443 2195 2475 emano.
2219 2426 2469 2475 lib.11ein.
2497 2428 2555 2490 1,
2551 2410 2671 2489 19,

649 2534 735 2585 12:
756 2561 817 2570 --
838 2530 920 2597 10)
957 2527 1100 2577 Paul.
1134 2525 1275 2576 Seni.
1302 2528 1482 2584 recept.
1507 2520 1584 2583 9,
1600 2519 1701 2584 95,
1737 2518 1800 2581 5,
1832 2519 1977 2581 filius
2007 2520 2327 2580 emancipari
2351 2519 2545 2566 invitus
2569 2534 2673 2566 non

649 2626 867 2688 coqitur.
886 2620 989 2683 Sc„
1015 2615 1110 2665 nisi
1130 2613 1207 2662 sit
1231 2611 1411 2660 infans.
1429 2609 1506 2657 Cf.
1529 2607 1814 2671 Maekeldey
1836 2604 1882 2674 §.
1921 2606 2038 2656 961.
2054 2634 2115 2643 -
2140 2605 2223 2670 11)
2248 2606 2311 2654 V.
2344 2606 2382 2654 l.
2406 2608 2507 2655 Ult.
2533 2607 2590 2657 C.
2613 2609 2676 2655 ds

652 2730 848 2764 manc.
868 2710 956 2760 lib.
972 2745 989 2774 ‚
1006 2706 1152 2755 Heia.
1177 2701 1202 2753 1
1218 2739 1235 2768 ,
1260 2700 1352 2766 19,
1378 2699 1458 2749 15.

632 2887 644 2904 “
745 2878 851 2944 88.
901 2864 1188 2960 Superest
1230 2865 1516 2951 adoptio,
1569 2885 1692 2950 qua
1720 2862 1947 2925 liberos
1986 2860 2217 2924 alienos
2256 2862 2395 2946 lege
2427 2883 2566 2925 suos
2600 2860 2676 2949 1)

654 2994 817 3060 cives
855 2985 1123 3056 Romani
1166 2980 1491 3047 faciebant.
1522 2977 1928 3063 Adoptionem
1959 2976 2178 3043 Romae
2200 3024 2216 3057 ,
2242 2975 2572 3060 credibile,
2602 2978 2681 3041 ab

657 3102 1051 3174 incunabulis
1098 3118 1274 3185 paeno
1321 3093 1619 3175 civitatiS,
1671 3100 1910 3155 eertum
1955 3099 2084 3173 est,
2134 3100 2275 3153 ante
2321 3091 2442 3154 XII
2487 3089 2677 3156 Tabb.

659 3224 1021 3288 institutam.
1066 3216 1166 3277 An
1212 3212 1503 3296 frequens
1537 3206 1671 3290 jam
1715 3216 1850 3268 tum
1893 3203 2116 3285 fuerit,
2152 3225 2278 3267 non
2308 3203 2505 3290 liquet
2533 3208 2683 3271 Hu-

566 3385 573 3398 .
661 3337 811 3424 goni
833 3331 946 3422 2);
972 3327 1265 3417 posterius
1295 3320 1858 3410 frequentissimam
1883 3319 2103 3402 fuisse,
2133 3330 2387 3385 constat.
2423 3320 2683 3385 Causam

660 3448 1147 3538 antiquissimam
1176 3452 1235 3507 et
1258 3440 1489 3506 crebrae
1514 3449 1575 3502 et
1598 3437 1892 3501 institutae
1917 3431 2103 3500 etiam
2135 3434 2477 3521 adoptionis
2496 3434 2683 3520 vulgo

661 3569 987 3645 adferunt,
1027 3582 1107 3624 ne
1148 3578 1314 3622 sacra
1361 3552 1663 3642 gentilitia
1712 3547 1812 3640 (§.
1856 3547 2006 3636 79.)
2051 3549 2413 3631 interirent,
2457 3546 2726 3634 quibus·

661 3695 870 3748 tamen
896 3672 1177 3741 tollendis
1196 3672 1511 3737 fictionem
1538 3691 1575 3732 a
1613 3664 2042 3752 jureconsultis
2060 3712 2077 3746 ,
2104 3673 2173 3726 ut
2204 3683 2359 3746 saepe
2382 3660 2687 3726 similibus

664 3790 1067 3860 incommodis
1108 3788 1206 3851 vel
1238 3781 1700 3851 difficultatibus
1735 3768 2090 3857 eludendis,
2127 3773 2529 3860 excogitatam
2557 3798 2687 3841 essc

671 3909 772 3998 (ς.
793 3901 941 3992 68.)
961 3953 978 3986 ,
1007 3902 1287 3969 traditur.
1325 3897 1401 3987 3)
1429 3894 1732 3961 Posterior
1752 3902 1927 3957 aetate
1951 3911 2134 3953 causa
2158 3909 2355 3974 poenae
2383 3887 2685 3976 orbitatis,

672 4034 732 4089 et
759 4038 1101 4085 numerosae
1144 4014 1360 4079 sobolis
1382 4061 1400 4096 ,
1427 4011 1597 4075 velut
1622 4009 1723 4093 jus
1761 4006 1947 4069 trium
1981 4002 2321 4067 liberorum
2344 4053 2360 4086 ,
2404 4006 2649 4091 proemia
2674 4056 2690 4088 ‚

673 4150 930 4222 utraque
973 4129 1213 4217 legibus
1257 4127 1417 4193 Julia
1448 4136 1510 4200 et
1539 4123 1724 4209 Papia
1754 4122 2009 4206 Poppaea
2041 4115 2140 4207 (§.
2177 4114 2405 4206 391.)‚
2440 4122 2688 4206 praemia
