3111 4829
1343 428 1366 512 (
1409 429 1487 492 69
1526 428 1552 512 )

456 563 694 628 civitate
722 563 1059 637 libertatem
1091 561 1447 629 amittebant
1475 561 1501 651 (
1513 565 1572 649 5.
1608 560 1755 650 52.)
1790 564 2020 630 Census
2048 566 2261 653 quinto
2289 585 2451 651 quo-

454 700 577 763 que
630 698 792 742 anno
829 727 845 761 ,
894 676 1208 743 interdum
1256 689 1316 742 et
1364 677 1638 765 longiore
1693 679 2007 745 intervallo
2052 679 2455 746 renovabatur

457 789 483 878 (
504 791 565 875 5.
604 787 763 877 199)
802 786 892 876 3).
940 792 1222 877 Magnam
1265 792 1332 853 in
1364 789 1598 854 tabulas
1637 790 1948 875 irrependi
1980 792 2363 871 facilitatem,
2394 799 2486 853 et.

455 902 763 967 interilum
799 902 962 967 furto
989 904 1185 968 illatos
1224 903 1493 986 Latinos,
1522 903 1968 990 conquisitione
2000 905 2186 987 facta,
2222 905 2288 967 in
2321 925 2457 968 suas

414 1059 417 1062 <
454 1016 671 1079 reverti
695 1015 964 1080 civitates
985 1026 1222 1080 coactos
1242 1037 1369 1081 esse
1388 1064 1405 1098 ,
1429 1015 1594 1100 apud
1625 1016 1866 1080 Livium
1903 1015 2194 1082 discimus
2223 1013 2310 1103 4).
2341 1015 2458 1081 Ci-

452 1129 633 1194 vitate
682 1131 961 1194 Romana
1015 1128 1295 1193 nondum
1350 1150 1456 1214 per
1507 1138 1693 1192 totam
1744 1129 1982 1193 Italiam
2031 1127 2248 1192 diflusa
2271 1175 2288 1210 ,
2342 1149 2460 1192 nec
2565 1131 2568 1134 ⁴

454 1241 812 1308 incredibile
841 1253 964 1326 est,
993 1242 1153 1307 cives
1197 1242 1414 1309 Romoe
1450 1252 1694 1305 tantum
1724 1263 1933 1306 censos
1960 1263 2087 1306 esse
2112 1289 2129 1323 ,
2166 1251 2227 1305 et
2256 1241 2459 1327 scrip-

452 1364 655 1421 torum
689 1366 936 1444 quoque
968 1367 1244 1420 veterum
1275 1356 1619 1420 testimonio
1648 1357 1946 1443 colligunt
1975 1355 2339 1420 recentiores
2365 1349 2456 1441 5).

451 1466 592 1532 Post
634 1467 857 1532 tabulae
900 1470 1255 1550 censuales,
1294 1468 1343 1530 si
1381 1489 1506 1531 non
1552 1489 1624 1531 ex
1659 1490 1806 1554 agro
1854 1470 2131 1533 Romano
2154 1516 2172 1551 ,
2214 1477 2378 1531 certe
2424 1487 2464 1530 e

453 1579 880 1644 remotioribus
916 1578 1260 1644 civitatibus
1283 1627 1300 1661 ,
1347 1590 1634 1644 manente
1683 1590 1887 1644 tamen
1935 1582 2003 1644 in
2046 1580 2198 1644 urbe
2236 1601 2456 1644 census

456 1692 581 1756 sive
615 1693 789 1755 lustri
827 1690 1130 1756 condendi
1170 1692 1294 1755 ritu
1318 1689 1344 1780 (
1362 1693 1423 1776 5.
1464 1689 1944 1779 145.),Romam
1971 1692 2167 1757 missae
2197 1689 2287 1778 6).
2325 1691 2463 1755 Gae-

458 1811 661 1865 terum
714 1824 750 1865 a
792 1802 1021 1866 civium
1072 1803 1305 1867 lustrali
1357 1824 1547 1868 censu
1606 1803 2076 1891 distinguendus
2135 1804 2285 1892 qui,
2343 1801 2463 1881 hoc

455 1916 772 2000 neglecto,
809 1926 1073 1980 servatus
1091 1913 1200 2004 7),
1246 1927 1307 1980 et
1351 1918 1430 1981 ab
1473 1929 1733 2005 utroquo
1763 1918 2047 1983 differens
2090 1918 2462 1982 tributorum

451 2049 632 2092 causa
670 2026 1049 2111 introducta,
1089 2039 1150 2093 et
1181 2030 1261 2093 ab
1303 2029 1629 2116 Equitibus
1672 2032 1967 2095 Romanis
2006 2031 2266 2094 maxime
2310 2052 2463 2115 pro-

405 2132 416 2144 ’
452 2151 660 2208 curata
685 2189 703 2224 ,
739 2142 1213 2226 provincialium
1254 2142 1557 2206 censualis
1594 2144 1883 2228 professio
1909 2192 1926 2226 ,
1980 2154 2043 2207 et
2082 2142 2208 2228 ipsa
2249 2164 2467 2211 census

454 2251 824 2342 quandoque
852 2253 1148 2339 adpellata
1179 2250 1247 2340 8)
1275 2301 1292 2335 ,
1320 2253 1586 2336 sublato,
1625 2264 1694 2317 ut
1719 2254 2053 2338 conjiceres
2074 2303 2091 2337 ,
2116 2253 2467 2316 discrimine

450 2377 587 2453 post
611 2366 929 2433 caracallae
956 2372 977 2454 (
996 2369 1054 2453 §.
1086 2363 1232 2453 66.)
1265 2344 1761 2430 constitutionem
1793 2363 1882 2454 9).
1920 2366 2080 2431 Hinc
2107 2350 2463 2450 censitores,

451 2488 516 2543 et
547 2485 662 2543 sub
686 2476 785 2542 his
812 2478 1165 2561 ducenarii,
1201 2463 1415 2541 scribae
1437 2525 1453 2559 ,
1478 2476 1813 2564 chalcologi
1835 2526 1852 2560 ,
1886 2478 2004 2543 alia
2041 2499 2258 2543 census
2281 2478 2468 2543 colli-

452 2593 739 2680 gentium
774 2592 1024 2655 nomina
1067 2588 1197 2678 10).
2174 2591 2178 2596 ’

520 2727 572 2795 1)
608 2728 653 2776 Α
673 2743 898 2791 censen,
928 2727 964 2775 i.
987 2741 1036 2775 e.
1059 2740 1320 2774 numerare
1338 2761 1355 2789 ,
1385 2725 1655 2792 aestimare3
1680 2724 1812 2775 unde
1835 2730 1886 2775 et
1906 2740 2080 2774 census
2116 2741 2207 2790 pro
2230 2723 2468 2774 reditibus

452 2824 541 2869 aut
559 2818 797 2883 fortunia,
831 2822 890 2867 ut
928 2833 1103 2866 census
1143 2820 1402 2881 equester,
1440 2817 1710 2867 senatorius
1724 2853 1740 2881 ‚
1779 2821 1830 2865 et
1872 2831 2047 2865 censor
2069 2820 2304 2880 tanquam
2338 2807 2467 2863 aesti-

450 2926 610 2971 mator
627 2958 643 2986 ‚
666 2920 876 2985 ideoque
896 2920 1078 2970 Graecis
1111 2904 1350 2983 repens-³1¹5
1375 2920 1663 2985 adpellatus.
1689 2948 1748 2956 —
1773 2919 1825 2984 2)
1849 2918 1910 2968 V.
1932 2919 2131 2986 Dionys.
2155 2918 2189 2967 4
2207 2955 2222 2983 ,
2246 2919 2340 2982 22,
2359 2917 2464 2966 Liv.

450 3011 477 3060 1
498 3047 515 3073 ,
537 3009 621 3060 42.
642 3024 778 3074 «ιφ,
801 3008 929 3058 Gen.
951 3010 1042 3073 16,
1068 3010 1148 3073 10,
1171 3011 1298 3061 llein
1321 3010 1381 3074 1,
1423 3011 1515 3074 16,
1542 3010 1591 3073 1,
1617 3009 1906 3073 Ilegewisch
1926 3009 2088 3060 Roem.
2117 3009 2390 3058 Finanzen
2411 3020 2464 3071 p·

450 3099 535 3149 50.
556 3127 617 3136 -
633 3099 686 3164 5)
706 3098 783 3147 Cf.
807 3099 951 3147 Ποία.
971 3100 1108 3163 App.
1133 3100 1217 3148 55.
1240 3127 1301 3137 -—
1320 3099 1371 3165 4)
1396 3097 1460 3147 59
1480 3135 1497 3163 ,
1517 3098 1571 3162 5,
1593 3097 1650 3146 41
1674 3134 1690 3162 ,
1714 3097 1763 3147 8.
1783 3126 1844 3135 -
1866 3098 1920 3163 5)
1942 3098 2005 3146 V.
2030 3097 2174 3146 Ilein.
2198 3098 2334 3159 App.
2359 3095 2425 3144 55
2449 3132 2467 3162 ,

449 3187 594 3236 Paul.
618 3189 803 3238 nanus.
821 3190 882 3238 de
901 3187 1048 3238 civit.
1077 3188 1249 3253 Rom„
1269 3188 1321 3237 in
1347 3189 1501 3237 The-s.
1524 3190 1688 3237 Groev.
1708 3187 1823 3237 v.1.
1845 3204 1897 3252 p.
1920 3187 2078 3236 59.—
2095 3186 2147 3254 θ)
2170 3186 2245 3235 ef.
2264 3186 2389 3234 Gen.
2407 3185 2462 3250 5,

454 3273 547 3335 19,
564 3275 688 3324 Vell.
711 3277 772 3341 2,
798 3274 998 3342 15.-7)
1018 3276 1094 3324 Cf.
1126 3276 1255 3325 Plin.
1275 3277 1386 3341 Ep.
1414 3276 1496 3341 10,
1516 3275 1719 3343 &He-8)
1743 3276 1818 3325 Cf.
1840 3277 1958 3324 Tac.
1983 3277 2125 3325 Anu.
2146 3277 2196 3340 1,
2215 3275 2273 3323 51
2294 3273 2425 3323 et55
2445 3310 2462 3338 ,

449 3361 618 3414 maus.
637 3381 684 3414 v.
704 3365 764 3431 2,
780 3382 835 3431 p.
855 3365 969 3417 127.
987 3364 1113 3430 -9)
1135 3366 1197 3414 V.
1217 3366 1363 3414 nain.
1386 3367 1525 3430 App.
1544 3364 1631 3414 55.
1645 3393 1706 3403 —
1727 3365 1809 3431 10)
1828 3366 1892 3414 V.
1909 3365 2055 3414 Hein-
2074 3364 2145 3413 ib.
2164 3364 2240 3413 Cf.
2259 3363 2459 3425 Regem

446 3466 501 3516 p.
524 3454 637 3505 275.
651 3472 764 3521 sqq.

540 3572 649 3637 76.
697 3574 851 3638 Jure
888 3572 1126 3637 militiae
1169 3572 1329 3636 cives
1367 3572 1633 3637 Romani
1678 3572 1746 3635 in
1788 3571 2033 3656 legione
2080 3566 2461 3649 militabant,

451 3683 703 3748 exclusis
734 3696 980 3769 tamen,
1027 3685 1152 3748 sive
1179 3685 1274 3748 lex
1313 3684 1542 3748 ‹aa-sive
1580 3681 1955 3747 consuetudo
1977 3728 1994 3762 ,
2036 3679 2422 3744 manumissis
2444 3728 2461 3762 ,

452 3806 512 3858 et
539 3818 611 3861 ex
639 3797 929 3883 ingenuis
966 3807 1125 3876 sexta
1171 3797 1407 3862 civium
1436 3797 1624 3861 classe
1657 3789 2018 3884 (5144),
2051 3814 2187 3880 quae
2216 3803 2416 3856 coacta
2444 3840 2461 3876 ,

448 3930 644 3994 quum
686 3893 1009 3977 necessitas
1044 3910 1360 3995 suaderet,
1405 3932 1530 3975 non
1565 3909 1711 3994 jure
1749 3909 2036 3972 militaret
2073 3905 2159 3997 1).
2201 3904 2463 3973 Inferior

436 4022 1062 4108 .legionariae·militia
1100 4026 1448 4100 sociorum,
1484 4023 1738 4088 inferior
1773 4032 1834 4086 et
1869 4020 2311 4086 classiariorum
2334 4068 2351 4102 ,
2396 4020 2462 4080 in

454 4136 674 4220 quibus
712 4160 861 4204 cum
891 4139 1066 4205 sociis
1097 4141 1271 4206 mixti
1298 4138 1500 4205 infimi
1535 4137 1766 4203 ordinis
1796 4136 1955 4203 cives
1987 4131 2084 4224 (5.
2117 4136 2243 4200 373
2273 4129 2298 4219 )
2326 4129 2464 4193 Pri-
