3111 4829
1380 403 1409 484 (
1450 403 1562 466 271
1612 404 1648 490 ).

510 539 583 606 ut
609 531 762 618 legis
792 532 986 617 actio,
1018 535 1178 601 salva
1211 535 1579 624 antiquitate
1603 586 1620 620 ,
1667 540 1946 626 usurpari
1981 540 2327 627 videretur,
2361 547 2531 613 velut

509 645 910 734 peregrinum
955 647 1020 710 in
1067 647 1273 716 civem
1319 651 1423 738 5),
1469 673 1593 715 non
1641 650 1934 718 heredem
1978 655 2046 721 in
2085 654 2375 722 heredem
2417 656 2529 748 6),

505 755 704 842 capite
745 756 1134 842 deminutum
1158 763 1223 826 in
1257 785 1384 832 non
1423 764 1814 831 deminutum
1844 767 2136 855 fingendo
2171 771 2528 859 mutabant3

507 878 569 944 et
614 890 752 957 quae
795 883 938 944 sunt
965 873 1270 958 ejusmodi
1295 877 1583 961 plurima.
1614 879 2152 960 Quemadmodum
2175 907 2314 950 vero
2339 887 2527 970 actio,

409 973 413 978 ’
506 981 629 1065 sive
656 983 882 1070 agendi
903 984 1009 1069 jus
1037 998 1145 1056 aut
1173 999 1430 1074 potestas
1452 1040 1468 1073 ,
1500 992 1579 1056 ab
1603 993 1842 1058 actione
1872 996 2060 1083 legiS,
2090 997 2219 1064 sive
2243 1001 2427 1064 modo
2457 1023 2529 1066 cx
2603 1084 2607 1088 1

505 1093 643 1183 lege
670 1097 896 1183 agendi
914 1147 930 1180 ‚
962 1098 1196 1185 differt,
1228 1103 1314 1167 sic
1343 1104 1408 1168 in
1431 1104 1661 1170 fictitiis
1680 1109 2014 1174 Praetorum
2041 1113 2384 1180 actionibus
2409 1116 2529 1181 alia

504 1207 582 1276 ad
628 1208 853 1293 agendi
895 1212 1193 1278 rationem
1217 1265 1234 1297 ,
1269 1217 1387 1281 alia
1410 1265 1428 1300 ,
1469 1219 1672 1302 velut,
1703 1243 1901 1307 quum
1933 1225 2091 1289 actio
2121 1227 2258 1313 lege
2287 1230 2529 1296 consti,-

502 1330 633 1388 tuta
663 1323 740 1387 ad
770 1345 950 1408 eum,
981 1329 1087 1391 cui
1116 1329 1330 1395 eadem
1362 1334 1499 1419 lege
1540 1356 1665 1397 non
1694 1348 2094 1423 competeret,
2133 1340 2381 1407 fictione
2412 1365 2530 1408 ex-

974 1439 988 1452 ·
1075 1441 1090 1454 Ο
1171 1442 1185 1456 0
1265 1443 1279 1456 0

497 1786 677 1826 eorum
694 1807 711 1835 ‚
734 1786 794 1824 u
815 1771 1003 1836 quibus
1024 1775 1208 1825 directe
1239 1778 1599 1842 competebant.
1623 1782 1701 1831 cf.
1726 1784 1838 1850 mp.
1860 1787 2127 1851 Fraqmm.
2165 1792 2258 1856 28,
2299 1792 2364 1843 12
2377 1830 2396 1860 ,
2435 1796 2496 1845 Ιιο·
2507 1831 2526 1860 ,

501 1859 690 1923 quibu
709 1877 771 1916 σε
789 1867 1095 1916 succensor-,io
1116 1867 1274 1916 edium
1297 1866 1541 1919 bonorum
1564 1875 1815 1935 possessio
1830 1875 2016 1942 datur,
2033 1904 2094 1914 —
2111 1894 2203 1928 uu
2224 1884 2331 1944 ipa·
2348 1890 2527 1953 ayone,

502 1963 593 1997 ceu
630 1965 748 1999 cum
790 1952 872 2000 lu‘e
900 1960 1089 2017 oqatur
1106 1990 1124 2020 ,
1155 1956 1353 2020 fictitiis
1388 1960 1674 2011 canonibus
1710 1978 1844 2026 opus
1865 1971 1974 2028 est,
2010 1965 2065 2014 in
2100 1967 2283 2029 quibus
2321 1971 2530 2022 herede·

502 2052 606 2086 esse
624 2039 917 2103 finquntur.
942 2042 1040 2091 Ubi
1059 2059 1110 2091 v.
1133 2049 1239 2093 not.
1265 2045 1540 2112 Schulting.
1566 2077 1629 2086 —
1653 2050 1705 2110 2)
1731 2050 1794 2098 V.
1819 2051 1922 2117 Caj.
1947 2053 2007 2117 4,
2048 2054 2133 2103 52.
2164 2072 2280 2120 sqq.
2298 2086 2359 2096 -
2377 2060 2430 2119 δ)
2463 2061 2525 2110 V.

503 2124 634 2192 Dup.
660 2143 712 2193 p.
736 2129 787 2178 Ξ.
812 2146 924 2195 sqq.
944 2159 1003 2169 —
1026 2132 1091 2195 4)
1122 2133 1198 2181 Cf.
1222 2133 1352 2199 Dup.
1389 2151 1443 2200 p.
1466 2137 1551 2186 52.
1577 2166 1637 2175 —
1660 2138 1810 2201 mv.
1835 2141 1938 2207 Caj.
1962 2142 2028 2206 4,
2050 2143 2132 2193 57.
2158 2172 2219 2182 -
2236 2146 2290 2212 6)
2324 2147 2405 2198 lb.
2439 2148 2529 2204 54.

499 2245 565 2258 ——
584 2222 640 2286 7)
665 2222 742 2271 Cf.
768 2222 954 2287 Dup.p.
979 2222 1065 2273 56.

586 2364 790 2428 271.e·
851 2362 1030 2450 Legis
1059 2363 1327 2429 actiones
1355 2365 1652 2451 paulatim
1692 2367 1758 2432 in
1787 2367 2000 2436 odium
2023 2421 2040 2456 ,
2071 2373 2263 2440 nimia
2296 2376 2527 2445 scilicet

497 2475 865 2566 subtilitate,
899 2476 1215 2563 nimioque
1255 2479 1320 2541 in
1362 2481 1600 2544 actibus
1630 2476 1951 2569 verbisque
1984 2488 2395 2573 exprimendis
2427 2493 2525 2557 ri-

498 2613 681 2679 gore,
711 2591 984 2674 venisse,
1022 2591 1286 2678 ideoque
1319 2616 1427 2678 per
1463 2595 1663 2681 legem
1701 2597 2020 2663 AEbutiam
2054 2613 2112 2665 et
2150 2602 2303 2668 duas
2334 2576 2524 2672 Julias

496 2706 764 2770 sublatas
794 2728 924 2770 esse
949 2754 965 2789 ,
997 2705 1218 2770 diserte
1249 2717 1501 2771 testatur
1536 2709 1757 2793 CaJuS,
1792 2715 1865 2796 4,
1915 2717 1997 2777 30
2024 2761 2041 2796 ,
2072 2714 2303 2781 addens
2333 2719 2524 2804 effim-

496 2831 754 2908 tumque
779 2831 908 2894 eet,
937 2829 1012 2882 ue
1029 2841 1158 2906 per
1178 2831 1483 2906 concepta
1508 2820 1742 2897 verba,
1769 2821 1848 2885 id
1866 2834 1993 2900 eet,
2022 2848 2147 2911 per
2167 2830 2521 2915 formulae,

492 2932 907 3018 litigaremus;
938 2955 974 2996 e
1020 2932 1258 2997 duabus
1289 2943 1495 2997 tamen
1527 2934 1725 2997 causis
1755 2935 1939 3000 etiam
1980 2940 2346 3022 permissum
2395 2965 2524 3009 esse

496 3046 631 3132 leqe
659 3070 854 3143 aqere
871 3094 895 3123 ,
921 3047 1156 3115 damni
1184 3050 1453 3135 insecti,
1487 3060 1550 3111 et
1575 3053 1641 3112 ei
1669 3054 2140 3116 centumvirale
2147 3055 2520 3147 judicium.

496 3160 635 3255 Quo
681 3161 812 3226 loco
854 3164 1208 3261 explicitum
1251 3185 1286 3226 a
1331 3161 1476 3246 Cajo
1516 3165 1739 3247 velles,
1782 3164 1936 3251 quid
1970 3167 2135 3253 «legis
2177 3169 2523 3235 actionibus

494 3275 785 3358 AEbutia,
816 3276 1004 3362 quid,
1049 3278 1234 3365 longo
1281 3288 1413 3362 post
1454 3287 1764 3363 tempore,
1803 3277 2043 3343 duabus
2072 3280 2251 3344 Juliis
2279 3283 2521 3369 legibus

493 3388 855 3477 abrogatum
877 3387 989 3479 ,get
1017 3412 1169 3478 quas
1197 3391 1490 3456 formulas
1519 3391 1623 3455 illa
1648 3441 1666 3476 ‚
1697 3413 1849 3478 quas
1879 3393 1917 3456 J
1920 3392 2059 3457 uliae
2095 3395 2261 3481 leges
2289 3398 2520 3462 consti-

489 3504 752 3588 tuerint,
795 3525 1020 3589 quasve
1051 3504 1220 3589 prius
1248 3505 1496 3569 fortasse
1540 3504 1676 3589 jam
1713 3517 2030 3592 usurpatas
2060 3508 2364 3573 observari
2409 3532 2519 3574 vo-

490 3616 722 3691 luerint
757 3613 845 3705 1).

579 3731 672 3814 De
731 3716 868 3821 lege
908 3742 1119 3797 autem
1177 3730 1463 3818 AEbutia,
1525 3755 1697 3819 quae,
1753 3733 2032 3822 quamvis
2088 3734 2272 3821 vulgo
2316 3733 2394 3800 ad
2454 3759 2512 3803 a.

492 3840 688 3927 ΒΧΧ.
711 3845 898 3910 relata
918 3895 936 3930 ,
982 3846 1341 3927 etiamnunc
1387 3846 1640 3929 incertoe
1664 3847 1876 3930 aetatis,
1910 3856 2053 3910 ante
2083 3858 2349 3933 repertas
2381 3849 2517 3937 Caji

495 3954 955 4041 Inetimtionu
985 3980 1150 4039 unus
1179 3972 1453 4027 veterum
1493 3961 1672 4026 locus
1710 3960 1978 4028 exstabat
2012 3959 2197 4041 Gellii
2234 3959 2338 4049 2);
2369 3964 2514 4050 qui,

492 4083 564 4147 ut
593 4094 834 4149 summa
871 4074 1006 4160 ejus
1031 4076 1346 4143 sententiae
1375 4086 1611 4165 pateat,
1640 4097 1787 4140 cum
1814 4076 1951 4173 Caji
1985 4078 2331 4147 testimonio
2355 4077 2514 4161 jun-
