3111 4829
1517 381 1544 464 (
1587 378 1706 442 160
1742 379 1769 463 )

635 519 704 586 in
739 518 932 587 libera
975 514 1162 582 etiam
1204 513 1447 581 civitate
1465 562 1484 597 ,
1512 524 1585 578 ut
1602 522 1980 600 equestrem,
2006 511 2093 578 ita
2120 509 2495 578 senatorium
2531 532 2661 576 esse

630 635 1033 701 constitutum
1058 629 1149 721 8).
1175 630 1274 695 Ab
1295 626 1574 716 Augusto
1598 627 1678 693 ab
1699 626 2071 713 octingentis
2093 624 2172 691 ad
2192 627 2366 691 mille
2386 625 2658 692 ducenta

631 746 904 813 sestertia
928 754 1181 810 auctum
1211 762 1381 825 esse,
1412 740 1578 804 testis
1607 736 2039 828 Suetonius9).
2064 739 2345 803 Honores
2374 737 2659 823 spectati,

631 871 939 949 quatenus
964 856 1041 921 de
1066 876 1238 920 more
1263 853 1625 941 magistratu
1641 901 1658 936 ,
1702 854 1917 918 saltem
1946 851 2188 917 minore
2205 899 2223 935 ,
2249 851 2456 916 functi
2476 851 2662 938 lege-

626 974 857 1040 bantur
885 968 1037 1060 10);
1071 982 1132 1034 et
1161 990 1298 1034 vero
1323 967 1647 1054 quaestoria
1676 958 1943 1053 dignitas
1989 965 2319 1053 posteriore
2356 975 2535 1030 aetate
2562 964 2661 1027 vix

512 1082 515 1085 ¹
628 1110 757 1153 non
802 1085 1078 1173 legitime
1130 1081 1494 1148 senatoriam
1555 1080 1925 1168 praecessisse
1979 1079 2220 1145 videtur
2275 1076 2407 1167 11).
2455 1077 2661 1165 Atque

628 1212 883 1267 eatenus
907 1198 1205 1263 senatoria
1218 1218 1468 1285 quoque
1484 1207 1630 1261 oetas
1648 1220 1686 1262 a
1712 1195 2071 1287 quaestoria(
2092 1199 2154 1284 §.
2188 1190 2378 1281 184.)
2395 1190 2622 1279 pendet
2640 1239 2659 1274 ,

624 1336 768 1406 quae
802 1334 999 1402 quum
1051 1313 1277 1401 viginti
1328 1324 1562 1399 septem
1618 1335 1927 1378 annorum
1982 1312 2172 1379 fuisse
2233 1310 2613 1377 existimetur
2634 1355 2654 1392 ,

626 1432 993 1499 senatoriam
1013 1428 1264 1517 triginta
1286 1428 1473 1493 fuisse
1498 1476 1517 1512 ,
1546 1428 1955 1515 suspicantur.

693 1595 747 1657 1)
769 1593 848 1644 Cf.
864 1594 1000 1643 Fest.
1024 1592 1351 1658 inproeeon‘ts‘.
1369 1590 1476 1640 Liv.
1494 1589 1683 1655 2‚1,⁴‚
1704 1589 1738 1641 6
1755 1626 1773 1655 ,
1792 1590 1899 1641 cie.
1917 1607 1976 1655 ρ.
1994 1587 2142 1640 Sext.
2158 1590 2243 1654 65,
2266 1591 2427 1641 Grun.
2447 1589 2658 1641 Iun-od.

623 1687 685 1736 ἐκ
702 1690 813 1734 ant.
831 1683 982 1734 Rom.
999 1698 1053 1746 p.
1079 1678 1195 1731 104.
1220 1703 1286 1718 —
1305 1679 1360 1733 22
1384 1678 1459 1727 Cf.
1486 1679 1706 1727 Zamosc.
1727 1679 1777 1743 1,
1802 1676 1865 1744 δ,
1887 1694 1941 1744 p.
1967 1677 2097 1729 1074
2114 1715 2130 1741 ,
2151 1680 2320 1728 Hanut
2343 1681 2404 1728 de
2426 1680 2548 1732 Seu.
2568 1678 2661 1741 R„

624 1772 702 1826 ib.
726 1792 779 1840 p.
804 1773 949 1824 1012.
968 1798 1032 1823 .—
1052 1771 1105 1833 8)
1126 1770 1191 1819 V.
1214 1769 1321 1818 Liv.
1347 1768 1407 1831 4,
1430 1769 1495 1818 43
1526 1774 1577 1819 et
1598 1767 1682 1820 54.
1708 1795 1772 1805 -
1797 1767 1849 1829 4>
1872 1767 1906 1819 4
1929 1804 1946 1832 ,
1981 1768 2064 1818 15.
2103 1767 2179 1816 Cf.
2203 1769 2235 1819 5
2261 1806 2277 1833 ,
2314 1769 2396 1819 12.
2427 1764 2557 1834 Δ--15)
2583 1768 2661 1818 Ad

623 1863 758 1913 hanc
776 1858 1189 1925 quastionemlex
1210 1856 1382 1905 Ovinia
1398 1856 1668 1907 tribunicia
1682 1893 1699 1921 ,
1718 1856 1865 1905 Festo
1883 1856 1968 1915 (in
1982 1859 2236 1920 proeteriei
2254 1857 2528 1921 maiores)
2553 1872 2660 1905 me-

624 1956 847 2014 morata,
882 1965 1034 2013 quam
1064 1964 1123 2008 a.
1160 1946 1276 1997 402.
1314 1947 1538 2009 faciunt,
1583 1946 1873 2025 referenda:
1901 1953 1962 1995 ue
1990 1962 2219 1995 censores
2238 1964 2299 1994 as·
2317 1950 2462 1995 omni
2476 1947 2658 1995 ordine

633 2043 888 2106 optimum
904 2054 1153 2104 quemquo
1174 2040 1417 2087 curiatius
1437 2038 1497 2085 in
1518 2042 1753 2086 matum
1770 2036 2006 2100 leqmne.
2023 2060 2088 2074 —
2105 2035 2158 2096 0)
2181 2033 2257 2083 cf.
2278 2034 2365 2083 liv.
2387 2033 2420 2082 Ξ
2433 2070 2450 2099 ,
2480 2033 2505 2084 1
2532 2070 2549 2098 ,
2573 2032 2658 2096 42,

627 2130 835 2195 61.-7)
855 2129 931 2180 Cf.
950 2129 1105 2194 Ptin„
1129 2128 1161 2179 4
1174 2165 1191 2195 ,
1214 2144 1424 2195 prooem.
1445 2164 1461 2192 ,
1479 2129 1697 2193 posteris
1713 2127 1898 2177 laxitas
1915 2127 2104 2175 munds·
2120 2133 2169 2175 ee
2182 2141 2355 2175 rerum
2376 2124 2660 2189 amplitudo

622 2224 812 2272 ὀαηισιο
822 2220 934 2285 suit
953 2259 969 2285 ,
986 2228 1258 2287 postquam
1279 2226 1652 2270 maturemus
1668 2219 1771 2282 109⁸·
1786 2224 1975 2283 capha
1990 2253 2010 2283 ,
2020 2218 2185 2281 judex
2201 2217 2321 2282 fior-⁸⁶
2340 2232 2496 2265 censu
2513 2251 2528 2278 ,
2553 2220 2655 2265 etc.

624 2337 686 2347 —
708 2309 760 2376 8)
779 2309 854 2357 Cf.
879 2309 1099 2357 Zamosc.
1124 2308 1149 2359 1
1176 2345 1193 2373 ,
1211 2307 1293 2357 10.
1314 2306 1446 2372 -9)
1475 2308 1616 2371 Auq.
1641 2304 1726 2355 41.
1751 2305 1827 2354 Gr.
1852 2305 1943 2355 mo
1966 2306 2098 2355 Cass.
2122 2305 2187 2357 54
2209 2341 2226 2370 ,
2267 2303 2351 2356 17.
2372 2332 2432 2343 —-
2471 2303 2554 2371 10)
2578 2303 2658 2380 Cf,

622 2396 731 2450 Liv.
748 2398 811 2465 5,
836 2397 928 2465 12,
951 2397 1043 2463 20,
1065 2396 1148 2446 ⁴9.
1175 2394 1442 2463 -11)(.’.1“.
1466 2396 1588 2445 Tac.
1607 2395 1750 2447 Anu.
1772 2396 1827 2448 11
1852 2434 1868 2463 ,
1889 2397 1972 2447 22.

719 2565 869 2628 175.
918 2561 1180 2643 Omnia,
1220 2561 1447 2648 quibus
1489 2562 1614 2647 legi
1636 2572 1867 2648 posset,
1902 2562 2268 2646 habentem,
2297 2575 2504 2630 tamen
2529 2587 2657 2629 non

624 2686 714 2741 est
740 2724 758 2758 ,
799 2697 913 2740 cur
939 2672 1277 2761 legendum
1306 2673 1493 2737 fuisse
1523 2684 1828 2759 putemus.
1881 2672 2004 2738 Sed
2037 2676 2245 2762 curuli
2291 2679 2656 2764 magistratu

625 2792 869 2856 functos
887 2789 955 2853 in
976 2798 1258 2854 senatum
1279 2785 1567 2851 veniendi
1593 2785 1700 2871 jus
1721 2786 2035 2870 habuisse,
2059 2788 2216 2874 quin
2239 2799 2446 2855 tamen
2472 2839 2490 2875 ,
2510 2792 2657 2857 licet

624 2905 890 2970 aliorum
920 2901 1236 2967 sententiae
1259 2899 1624 2966 accederent
1663 2900 1690 2992 (
1705 2903 1748 2987 §
1771 2904 1919 2967 176.
1947 2898 2010 2990 ),
2048 2914 2354 2969 senatores
2412 2918 2655 2991 essent,

627 3017 864 3084 Gellius
908 3016 1083 3082 docet
1131 3013 1219 3105 1).
1269 3013 1447 3080 Idem
1493 3037 1575 3079 an
1616 3015 2036 3112 Quaestoribus
2082 3015 2298 3083 datum
2323 3069 2342 3104 ‚
2391 3020 2654 3107 dubit03

627 3133 981 3198 nec-minus
1006 3131 1329 3197 obscuram
1358 3131 1763 3218 quaestionem
1782 3130 1887 3197 hic
1922 3131 2002 3198 de
2034 3133 2324 3199 Tribunis
2347 3135 2521 3201 video
2549 3135 2651 3225 2);

626 3260 691 3315 et
726 3245 896 3313 aliud
921 3242 1019 3334 3),
1048 3246 1097 3309 si
1121 3245 1226 3329 jus
1248 3293 1267 3329 ,
1299 3244 1450 3309 dum
1476 3245 1866 3334 magistratus
1891 3258 2066 3312 erant
2094 3298 2112 3334 ,
2154 3250 2302 3334 fuit,
2350 3251 2557 3335 aliud,
2603 3254 2654 3317 si

627 3361 873 3450 privatis
901 3361 1087 3425 etiam
1114 3360 1355 3425 mansit.
1384 3361 1696 3446 Censoris,
1726 3372 1797 3425 ut
1825 3362 2074 3450 legendi
2106 3414 2123 3448 ,
2174 3367 2262 3432 sic
2310 3389 2384 3431 ex
2432 3366 2651 3433 ordine

626 3474 916 3562 indignos
954 3473 1245 3538 movendi
1281 3472 1419 3559 jus:
1452 3487 1657 3540 motus
1682 3477 2075 3561 censebatur,
2115 3480 2296 3564 cujus
2319 3527 2343 3555 ,
2388 3480 2647 3567 singulis

624 3589 832 3655 lustris
880 3588 1090 3654 album
1127 3600 1477 3654 senatorum
1523 3591 1786 3655 recitans
1810 3640 1828 3674 ,
1880 3614 2107 3657 nomen
2164 3591 2506 3658 omississet.
2570 3593 2650 3659 In

626 3702 824 3767 causis
856 3700 1140 3767 movendi
1165 3697 1247 3791 4)
1297 3723 1514 3767 census
1543 3703 1707 3769 infra
1736 3687 2042 3769 summam
2080 3704 2424 3790 legitimam
2445 3755 2463 3790 ,
2508 3728 2649 3794 quae

626 3825 770 3880 nota
811 3815 943 3882 sine
972 3816 1264 3901 infamia,
1314 3840 1564 3884 morum
1611 3818 1925 3905 turpitudo
1951 3867 1969 3901 ,
2030 3816 2244 3883 eadem
2269 3819 2337 3882 in
2367 3820 2652 3907 legendis

628 3939 891 4017 spectata
912 3977 930 4011 ,
989 3930 1141 3996 item
1189 3953 1387 4018 poenae
1437 3931 1687 4019 publico
1733 3930 1971 4016 judicio
2019 3932 2271 3998 infamia
2295 3982 2313 4019 ,
2366 3935 2645 4003 sordidus

629 4052 893 4132 quaestus
915 4088 936 4126 ,
985 4043 1124 4110 alia.
1176 4044 1379 4128 Quem
1404 4027 1407 4032 ’
1428 4068 1571 4113 vero
1618 4045 1892 4140 primum
1951 4047 2307 4117 nominabat
2365 4052 2594 4120 Censor
2626 4104 2644 4138 ,
