3111 4829
1547 349 1801 434 (4³2)

661 479 758 528 ulia
788 479 1110 529 :edificiorum
1129 513 1145 546 ,
1178 485 1238 529 ut
1269 482 1551 547 porticuum
1591 485 1642 531 et
1678 481 1968 532 balneorum
1989 519 2005 547 ,
2045 485 2294 550 splendori
2322 488 2546 554 aptiora;
2580 506 2688 555 quo

658 570 899 619 trahenda
944 571 1064 618 Stat.
1088 570 1226 634 Sylv.
1249 569 1273 618 1
1292 607 1307 633 ,
1342 571 1402 632 5,
1427 569 1519 633 54,
1544 570 1666 619 Non
1706 572 1805 618 buc
1844 574 2077 621 admi-rm:
2111 569 2166 623 Τ
2161 575 2342 635 lineos,
2370 584 2465 625 aut
2484 581 2691 630 undosa

658 659 908 721 Carystos.
950 659 1130 708 Moeret
1149 676 1309 724 onyx,
1336 660 1480 723 lonqe
1509 662 1843 724 queriturque
1874 662 2109 710 exclusus
2133 664 2342 726 ophites.
2384 660 2512 715 Sola
2550 670 2687 717 nitet

650 750 801 813 flovit
822 748 1113 798 Nomadum
1137 751 1303 798 decim
1325 750 1539 797 metalli«,
1559 749 1807 813 Purpura
1827 785 1842 812 ‚
1867 756 1965 799 etc.
2002 751 2078 799 Cf.
2103 749 2174 800 lb.
2201 753 2225 801 1
2244 790 2259 814 ,
2281 754 2342 816 2,
2369 754 2495 819 148,
2519 756 2551 805 4
2567 794 2584 821 ‚
2612 755 2646 806 2
2664 791 2684 822 ,

654 838 740 889 26.
759 867 821 876 —
842 840 895 903 6)
919 840 982 888 V.
1003 840 1206 889 Exeun.
1224 839 1274 889 4.
1300 839 1364 888 ad
1386 840 1596 888 Ernestii
1614 841 1862 890 Arckoeol.
1892 842 1987 892 tiu.
2011 841 2132 891 edit.
2150 843 2368 893 lartini.
2388 872 2454 884 -
2469 845 2524 909 7)
2549 849 2684 899 Ala-

654 939 942 991 bostromv.
961 941 1194 992 Schneid.
1214 942 1335 992 Lex.
1354 928 1700 1011 ἆλᾶβαστρον
1717 978 1733 1006 ,
1753 944 1884 992 Plin.
1908 945 1970 994 37
1986 983 2002 1010 ‚
2024 945 2108 994 10.
2127 975 2183 984 -
2200 946 2251 1007 8)
2265 947 2341 996 Cf.
2365 947 2515 1014 Prop.
2534 948 2593 1013 4,
2617 949 2651 998 5
2664 987 2682 1015 ,

651 1039 747 1102 26,
770 1040 1103 1102 murrhaque
1134 1040 1191 1085 in
1215 1037 1420 1086 Parthie
1447 1037 1638 1100 pocula
1660 1045 1795 1087 cocto
1812 1039 1973 1101 focis,
1997 1040 2128 1088 Plin.
2153 1040 2216 1088 53
2231 1075 2247 1103 ‚
2277 1040 2420 1105 praes.
2442 1078 2457 1104 ‚
2482 1039 2546 1090 37
2558 1078 2575 1105 ‚
2614 1042 2680 1107 2,

650 1129 831 1177 Ju'ven.
848 1128 917 1176 VI
935 1163 949 1192 ,
979 1121 1071 1177 155
1089 1162 1106 1191 ,
1127 1121 1268 1175 Mart.
1295 1122 1357 1172 10
1372 1161 1386 1190 ,
1411 1121 1475 1171 80
1489 1160 1506 1190 ,
1527 1124 1549 1174 1
1571 1161 1590 1191 ,
1609 1124 1746 1174 Suet.
1769 1129 1910 1190 Auq.
1927 1126 2012 1176 ⁷1.
2034 1125 2072 1176 E
2089 1129 2293 1178 mun-ha
2310 1126 2514 1195 bibero,
2531 1130 2684 1179 lert.

649 1215 913 1284 4,8o,1.

739 1363 889 1426 433.
937 1361 1104 1425 Inter
1131 1371 1353 1426 statuas
1384 1359 1812 1447 magnitudine
1849 1361 2122 1447 insignes
2161 1360 2377 1426 colossi
2414 1361 2507 1427 vel
2533 1371 2670 1427 sta-—

646 1487 769 1540 tuae
820 1475 1132 1540 colossales
1177 1473 1479 1561 (colossus
1526 1475 1680 1537 Solis
1720 1472 1998 1539 Rhodius
2021 1467 2046 1558 ‚'
2089 1472 2394 1559 Neronis;
2435 1473 2677 1561 Jupiter

647 1589 1000 1675 Olympius,
1048 1598 1163 1652 etc.
1183 1583 1251 1674 ),
1294 1589 1501 1678 quales
1540 1590 1755 1651 Romae
1803 1585 1985 1651 multi
2036 1580 2150 1676 1)
2177 1583 2432 1652 Minutae
2455 1588 2672 1674 vulgo

644 1703 842 1787 sigilla
869 1711 1192 1780 vocantur3
1239 1699 1491 1764 iconicae
1514 1699 1888 1788 (imagines,
1881 1669 2348 1789 simulacra),
2375 1724 2525 1787 quas
2547 1701 2681 1787 gal-

639 1815 757 1878 lice
797 1813 1058 1877 dicimus
1077 1815 1445 1898 por-traice,
1471 1801 1655 1895 cujus
1701 1809 1940 1896 generis
1982 1822 2044 1876 et
2066 1811 2405 1877 dimidiatae
2436 1811 2676 1899 effigies

642 1924 926 2036 (προτομαί
939 1974 955 2003 ,
984 1927 1182 1990 baete.
1204 1922 1228 2011 )
1253 1914 1733 2032 Distinguuntur
1759 1934 2044 2020 praeterea
2072 1917 2413 2009 pedestres,
2439 1947 2668 2018 eques--¹

636 2053 779 2108 tres
763 2013 1093 2144 (celeres),
1115 2037 1445 2126 athleticae,
1468 2037 1628 2124 bigis
1652 2032 2077 2123 quadrigisve
2060 2035 2427 2134 insistentes,
2451 2033 2664 2124 nudae,

636 2158 934 2246 palliatae,
959 2166 1208 2243 togatae,
1238 2133 1575 2239 paludatae,
1598 2145 1904 2232 barbam,
1942 2149 2249 2216 imberbes
2271 2199 2288 2233 ,
2337 2141 2662 2216 litteratae
2643 2200 2662 2235 ,

635 2268 837 2332 addita
861 2268 1291 2353 inscriptione,
1314 2276 1427 2329 etc.
1471 2263 1760 2327 Coloratae
1804 2284 2049 2349 quoque
2074 2259 2243 2327 haud
2288 2286 2422 2327 raro
2450 2275 2510 2328 et
2532 2265 2664 2351 lig-

634 2403 768 2447 neae
804 2393 864 2446 et
894 2400 1280 2461 marmoreae,
1313 2376 1434 2442 sive
1464 2376 1755 2461 integrae,
1786 2373 1907 2440 sive
1950 2388 2188 2462 parteS,
2232 2378 2399 2443 velut
2427 2379 2658 2466 capilli
2653 2431 2675 2464 ‚

630 2514 803 2557 aereae
831 2503 1036 2556 autem
1064 2492 1414 2576 frequenter
1435 2498 1680 2552 auratae.
1711 2484 1893 2551 Oculi
1918 2486 2235 2552 interdum
2263 2491 2534 2575 gemmei
2556 2500 2672 2557 aut

632 2608 907 2692 argentei
936 2605 1165 2669 inserti.
1207 2602 1546 2689 Singularis
1571 2598 1800 2687 species
1831 2596 2061 2665 hermae
2083 2650 2100 2684 ,
2126 2602 2191 2666 in
2223 2604 2385 2668 cubo
2409 2607 2500 2669 vel
2531 2607 2670 2691 pila

633 2717 924 2805 quadrata
961 2728 1144 2802 caput
1175 2717 1370 2779 solum
1395 2765 1412 2799 ‚
1450 2726 1557 2778 aut
1586 2736 1730 2778 cum
1770 2715 2026 2800 pectoris
2050 2727 2220 2801 parte
2264 2717 2618 2782 exhibentes
2639 2767 2662 2803 ,

632 2841 741 2896 aut
774 2826 1036 2893 brachiis
1076 2849 1320 2915 quoque
1343 2877 1359 2910 ‚
1405 2826 1568 2913 quod
1601 2827 1791 2890 serius
1824 2850 1936 2890 usu
1982 2828 2214 2893 venisse
2256 2831 2507 2913 volunt,
2536 2829 2664 2895 ad-

626 2932 838 3029 jectis’,
865 2953 924 3007 et
964 2936 1040 3005 ad
1071 2964 1249 3006 crura
1296 2940 1600 3004 elaborato
1631 2960 1903 3026 corpore.
1940 2942 2065 3006 Mos
2107 2946 2291 3007 etiam
2332 2944 2507 3008 binas
2548 2957 2665 3011 aut

631 3067 833 3121 ternas
874 3052 1022 3119 adeo
1062 3052 1276 3136 facieS,
1306 3051 1428 3118 sive
1462 3052 1704 3118 easdem
1730 3056 1852 3120 sive
1894 3055 2156 3122 diversas
2194 3081 2319 3122 uno
2345 3059 2413 3123 in
2435 3071 2661 3125 trunco

540 3179 547 3190 ’
628 3167 1007 3256 conjungere
1033 3217 1050 3253 ‚
1072 3167 1252 3252 cujus
1276 3152 1515 3253 generis
1549 3181 1882 3234 occurrunt
1902 3169 2335 3236 Hermathenae
2358 3168 2449 3260 2).

693 3307 743 3373 1)
765 3307 828 3355 V.
852 3308 951 3356 Pit.
976 3307 1030 3355 in
1053 3306 1161 3357 Col.
1183 3333 1245 3343 —
1268 3306 1320 3372 2)
1344 3306 1418 3354 Cf.
1443 3305 1546 3355 Cic.
1572 3309 1763 3358 addet.
1793 3304 1816 3358 1
1840 3345 1857 3375 ,
1877 3307 1927 3358 ⁴.

632 3490 637 3493 -
716 3452 867 3514 434.
915 3445 1300 3511 Exstantibus
1349 3446 1470 3511 sive
1507 3447 1925 3513 eminentibus
1961 3448 2177 3534 figuris
2211 3469 2394 3534 opera
2441 3450 2658 3519 caelala

625 3560 855 3626 Latinis
906 3557 1237 3639 dicuntum
1296 3569 1623 3641 caeterum,
1670 3579 1811 3645 quae
1852 3558 1969 3623 hoc
2014 3560 2266 3623 nomine
2310 3571 2657 3626 memorata

623 3680 994 3754 occurrunt,
1029 3670 1319 3756 pleraque
1348 3670 1651 3737 metallica
1694 3671 2134 3755 inveniuntur,
2175 3694 2248 3736 ac
2286 3683 2430 3735 sunt
2450 3720 2471 3756 ‚
2493 3673 2656 3758 qui,

622 3798 1004 3875 repugnante
1045 3797 1251 3851 tamen
1293 3788 1573 3852 vocabuli
1621 3799 1866 3876 etymo,
1910 3790 2216 3854 metallica
2261 3788 2508 3875 proprie
2561 3789 2656 3853 sic

621 3901 913 3986 adpellata
944 3898 1164 3982 velint,
1207 3899 1329 3964 sive
1372 3899 1557 3966 ducto
1603 3902 1728 3966 sive
1759 3895 1969 3967 formis
1999 3901 2202 3966 infuso
2232 3902 2479 3967 metallo
2512 3902 2654 3967 ela-

620 4013 826 4080 borata
853 4061 869 4096 ‚
892 4033 1028 4098 quae
1048 4011 1298 4098 quidem
1324 4012 1445 4079 sola
1472 4012 1701 4078 Graecis
1721 4023 2059 4078 toreumata
2082 4025 2289 4082 vocata
2313 4036 2441 4081 esse
2466 4062 2483 4097 ‚
2505 4029 2652 4099 post
