3111 4829
1284 383 1540 469 (441)

376 529 385 539 ”
397 519 752 586 discrimine
772 539 810 582 a
838 514 1252 583 recentiorum
1272 517 1508 583 musica
1533 517 1763 585 diversa
1793 518 1978 585 fuerit
1999 569 2016 603 ,
2040 519 2432 608 difficillima,

397 645 563 700 certe
589 633 904 697 contrariis
935 633 1259 697 sententiis·
1276 632 1582 720 hodieque
1612 634 1834 699 acriter
1868 636 2092 721 agitata
2130 637 2380 723 quaestio
2402 686 2423 722 ,

401 746 536 841 aliis
568 757 834 811 veterem
855 794 874 829 ,
917 746 1051 809 aliis
1079 746 1480 811 recentiorem
1521 748 1704 833 longe
1732 749 2212 833 praeferentibus.
2258 747 2427 814 Sim·—

397 860 714 950 pliciorem
762 869 973 923 tamen
1028 859 1215 924 fuisse
1280 870 1543 924 veterem
1574 910 1591 944 ‚
1638 860 1800 930 inter
1842 884 2066 950 omnes*
2103 864 2432 927 convenire

395 973 655 1039 videtur.
693 974 907 1039 Romae
941 983 1149 1038 autem
1180 972 1445 1038 musices
1473 1022 1490 1057 ‚
1523 963 1679 1061 quin
1715 996 1960 1040 necesse
1997 973 2072 1038 sit
2105 976 2184 1040 ab
2214 976 2433 1040 Evan-

284 1145 287 1150 .
399 1085 541 1170 dro,
568 1086 804 1154 Arcade
828 1138 843 1171 ,
867 1089 933 1152 in
960 1087 1200 1153 Latium
1225 1087 1667 1172 introductam,
1694 1089 1984 1177 Dionysio
2008 1091 2144 1156 Hal.
2180 1090 2257 1181 (1,
2286 1087 2426 1177 33.)

399 1201 686 1284 credere,
731 1201 1151 1288 antiquissimo
1199 1212 1472 1288 tempore
1517 1203 1585 1266 in
1626 1201 1787 1266 bello
1838 1212 1899 1266 ct
1941 1199 2010 1267 in
2055 1205 2236 1268 sacris
2284 1227 2432 1269 usus

406 1316 508 1409 (§.
547 1320 670 1383 144
715 1327 776 1382 ct
822 1315 1019 1405 329.)
1076 1316 1255 1382 certis
1302 1316 1681 1404 argumentis
1730 1317 2169 1404 confirmatur,
2219 1303 2430 1406 sivee

405 1453 630 1517 magna
664 1431 901 1496 Graecia
929 1452 1063 1496 eam
1081 1479 1100 1515 ,
1131 1428 1253 1495 sive
1283 1453 1354 1495 ex
1381 1431 1624 1496 Etruria
1664 1431 1865 1516 potius
1917 1432 2267 1517 repetimus.
2311 1434 2431 1498 Se-

403 1543 564 1608 tiore
600 1564 724 1608 aevo
752 1566 899 1608 cum
931 1543 1148 1608 litteris
1187 1543 1545 1630 artibusque
1585 1555 1648 1609 et
1682 1545 1920 1610 musica
1954 1544 2354 1627 Graecorum'‚
2394 1567 2432 1610 a

407 1656 776 1720 tenuissimis
814 1657 919 1721 illa
955 1656 1148 1720 initiis
1187 1658 1483 1746 paulatim
1525 1678 1905 1744 magnopere
1950 1659 2189 1724 exculta
2214 1707 2233 1743 ,
2273 1659 2438 1724 inter

408 1769 721 1836 Romanos
758 1771 1003 1856 vulgata
1042 1779 1151 1835 est.
1197 1770 1319 1857 Ipsi
1357 1770 1660 1836 musicam
1705 1793 1821 1837 nec
1861 1784 2240 1839 contemsere
2260 1821 2279 1856 ,
2321 1794 2440 1837 nec

414 1884 672 1974 perinde
719 1895 904 1971 atque
948 1883 1149 1949 Graeci
1197 1906 1478 1950 amavere
1501 1933 1519 1967 ‚
1557 1907 1675 1951 nec
1719 1908 1860 1952 vero
1889 1886 1969 1952 ab
2011 1887 2087 1950 iis
2125 1898 2441 1974 acceptam

413 2002 717 2074 rationem
744 2000 1016 2063 multum
1042 1999 1369 2084 perfecisse
1398 2000 1813 2084 reperiuntur.

515 2116 664 2178 443.
715 2112 901 2199 Apud
938 2112 1182 2175 Graecos
1227 2121 1436 2175 autem
1483 2111 1995 2196 simplicissimam
2037 2113 2187 2177 olim
2218 2113 2446 2197 fuisse,

421 2236 737 2316 systemata
776 2226 855 2290 ab
895 2224 969 2287 iis
1008 2235 1295 2309 usurpata
1335 2234 1628 2310 arguunt.
1674 2225 1761 2288 Ex
1801 2222 1898 2289 his
1942 2225 2443 2312 antiquissimum

422 2339 804 2407 tetrachordo
852 2338 1244 2423 continetur3
1286 2337 1686 2426 heptachordi
1738 2339 2170 2427 ,Terpandrum
2197 2391 2216 2426 ,
2274 2353 2447 2408 octav

428 2454 650 2522 chordi
677 2453 1085 2542 Pythagoram
1112 2465 1427 2518 auctorem
1455 2454 1683 2518 ferunt.
1713 2454 2014 2519 Posterius
2053 2456 2247 2520 multo
2279 2457 2455 2521 obti-

423 2572 603 2654 nuit,
646 2567 810 2657 quod
857 2569 1197 2655 perfectum
1248 2578 1308 2632 et
1338 2568 1678 2631 maximum
1720 2578 1980 2652 vocant,
2026 2567 2454 2657 duodeviginti

427 2684 588 2751 sonis
634 2683 1060 2769 compositum.
1112 2680 1276 2746 Modi
1320 2672 1870 2771 (n'puesae'ppun‘aee)
1912 2682 2251 2769 antiquitus
2295 2693 2453 2766 ἥδη

430 2820 708 2864 summus
740 2796 968 2884 Lydius
989 2842 1008 2878 ‚
1036 2794 1278 2860 medius
1305 2793 1643 2882 Phrygius,
1674 2794 1929 2859 infimus
1958 2796 2249 2880 Doricus;
2284 2806 2454 2881 post,

430 2912 700 2975 auctiore
724 2919 1077 2994 systemate,
1106 2910 1312 2994 plures
1350 2919 1736 2973 accesserunt
1767 2904 1849 2996 1).
1895 2907 2143 2993 Organa
2184 2908 2307 2972 sive
2348 2909 2456 2972 in-

430 3031 767 3088 strumenta
808 3022 1043 3086 musica
1068 3019 1238 3105 apud
1266 3020 1507 3085 Graecos
1531 3020 1724 3083 multa
1751 3068 1768 3101 ‚
1809 3019 2029 3107 partim
2061 3021 2141 3083 ab
2184 3020 2328 3105 ipsis
2348 3021 2456 3087 in·—

432 3145 612 3202 venta
635 3158 657 3217 ‚·
690 3132 911 3219 partim
939 3133 1017 3197 ab
1046 3136 1265 3196 exteris
1289 3142 1568 3218 accepta,
1598 3142 2038 3197 memorantur.
2071 3134 2219 3199 naec
2239 3133 2318 3200 ad
2340 3134 2457 3200 tria

441 3270 665 3338 genera
714 3245 1408 3333 referunt-antiquarii,
1448 3255 1750 3331 quatenus
1789 3247 1908 3312 alia
1959 3246 2462 3331 inflantur‚ralia

406 3398 412 3404 ›
439 3362 681 3429 chordis
702 3371 1012 3443 constant,
1041 3360 1158 3425 alia
1203 3360 1283 3424 ab
1312 3361 1588 3446 utrisque
1613 3360 1936 3426 differunt:
1970 3361 2150 3446 cujus
2186 3364 2460 3448 generis,

443 3476 515 3568 (a
537 3474 725 3541 τίη-το
752 3523 769 3558 ,
785 3474 1057 3562 pellere,
1089 3468 1415 3560 tundere)
1441 3484 1805 3561 tympanum
1831 3522 1851 3557 ,
1881 3474 2047 3539 unde
2071 3477 2416 3563 tympanizo
2439 3524 2457 3561 ,

442 3588 839 3678 tympanista‚
887 3586 1338 3674 tympanotriba
1362 3634 1381 3669 ,
1435 3588 1776 3666 crotalum‚
1838 3587 2007 3653 unde
2069 3590 2421 3655 crotalistria
2448 3659 2469 3693 ‚

443 3703 742 3789 cymbala,
766 3701 931 3768 unde
945 3699 1283 3788 cymblista,
1305 3700 1621 3789 cymbalis,
1644 3701 2077 3789 cymbalistria;
2092 3725 2229 3790 quae
2252 3707 2461 3773 omnia

448 3813 518 3905 2)
541 3816 808 3881 solennia
852 3816 919 3880 in
957 3814 1210 3903 Cybeles
1253 3815 1435 3880 sacris
1479 3810 1581 3905 (§.
1607 3792 1800 3901 328'.)
1829 3816 1954 3880 Nec
1998 3817 2116 3880 alio
2169 3816 2460 3886 trahenda
2496 3832 2500 3840 '

444 3929 876 4016 AEgyptiorum
910 3930 1086 3995 Isiaci
1121 3931 1327 3996 cultus
1349 3928 1376 4019 (
1390 3930 1450 4015 §-
1478 3923 1672 4015 306.)
1696 3914 1864 3994 sistra
1905 3927 1932 4018 (
1946 3931 2428 4019 crepitaculum)
2449 3982 2465 4010 ‚

449 4041 679 4111 lamina
699 4042 1026 4131 oblongam
1050 4044 1118 4112 in
1140 4042 1407 4135 figuram
1427 4053 1671 4114 curvata
1696 4089 1714 4132 ‚
1736 4042 2001 4129 trajectis
2044 4065 2154 4192 1ξὲ
2192 4045 2468 4112 medium
