3111 4829
1550 351 1577 434 (
1617 348 1736 414 472
1774 350 1800 433 )
1840 361 1845 368 ’

663 486 882 550 vittam<
906 500 1122 572 puram
1169 481 1302 572 9),
1352 501 1567 549 zonam
1593 533 1611 567 ,
1653 484 1823 549 unde
1861 486 2248 551 notissimum
2292 508 2513 555 zonam
2549 492 2708 556 sol-—

662 622 803 664 vere
845 603 921 663 10
946 596 1013 686 ),
1054 599 1409 662 flammeum
1452 598 1477 687 (
1499 601 1555 684 ς.
1595 597 1834 685 477.),
1882 601 2195 687 virginalis
2223 615 2478 668 ornatus
2510 627 2700 689 prae-

664 723 924 796 textam,
976 735 1162 798 quam
1228 715 1507 776 Fortunae
1551 710 1856 797 Virginali
1921 711 2089 802 11),
2149 715 2426 801 bullam,
2489 740 2696 804 quam

661 845 804 893 cum
836 826 1184 913 crepundiis
1212 828 1442 895 Veneri
1489 821 1619 913 12)
1660 836 1770 889 aut
1801 826 1914 891 lari
1957 828 2245 893 familiari
2285 829 2571 915 dicabat,
2617 845 2689 898 et

659 941 867 1005 vittam
897 943 1273 1028 virginalem.
1307 938 1753 1006 Deductionem
1783 941 2118 1026 excipiebat
2144 963 2318 1007 coena
2346 945 2692 1030 nuptialis,

659 1060 874 1143 sparsis
896 1058 1055 1121 inter
1077 1057 1353 1121 convivas
1381 1056 1644 1121 nucibus
1673 1053 1798 1145 13)
1822 1081 1838 1139 3
1862 1079 1981 1143 qua
2005 1069 2248 1142 peracta
2275 1059 2575 1145 conjuges
2610 1060 2685 1126 in

657 1171 961 1251 conclave,
985 1167 1321 1232 thalamum
1340 1167 1531 1257 (unde
1562 1167 2043 1254 epithalamium,
2068 1191 2319 1234 carmen
2347 1169 2685 1260 nuptiale),

656 1283 835 1366 cujus
861 1284 1127 1365 lectum,
1161 1280 1507 1369 genialem,
1540 1293 1681 1371 toga
1709 1283 2058 1372 sternebant
2096 1294 2305 1369 nuptae
2341 1289 2423 1348 14
2447 1280 2517 1371 )„
2548 1284 2680 1349 du-

654 1395 979 1479 cebantur,
1015 1396 1345 1479 juvenibus
1392 1407 1577 1481 atque
1623 1397 1836 1481 puellis
1881 1398 2230 1461 ante⁴fores
2268 1396 2672 1485 hymenaeum

652 1509 1077 1593 cantantibus,
1130 1508 1411 1572 immistis
1469 1511 1692 1595 vulgo,
1752 1510 1819 1572 in
1880 1510 2173 1596 maritum
2230 1521 2338 1574 aut
2386 1534 2676 1597 sponsam

651 1642 895 1708 quoque
925 1668 943 1703 ,
999 1619 1325 1690 licentibus
1401 1616 1527 1706 15)
1583 1620 1823 1704 verbis,
1879 1633 1940 1684 et
1986 1621 2279 1706 repetitis>
2311 1624 2674 1689 solennibus

648 1733 809 1797 illis:
851 1736 1122 1819 Hymen,
1149 1755 1186 1795 o
1222 1731 1587 1825 Hymenaee!
1632 1734 1700 1797 Io
1725 1783 1742 1817 ,
1774 1737 2107 1822 Hymenaee
2151 1732 2671 1828 16)l·Hymenaeo

651 1846 1098 1933 quodammodo
1155 1846 1472 1931 respondet
1517 1848 1776 1912 Talassio
1854 1825 2197 1936 (Talassius
2219 1898 2237 1933 ,
2299 1851 2670 1939 Talassus),

646 1963 809 2026 inter
848 1961 1140 2047 nuptialia
1181 1960 1363 2024 verba
1406 1947 1780 2025 celebratum
1813 1962 1903 2025 -17
1928 1957 1993 2049 )‚
2026 1960 2190 2025 unde
2231 1963 2488 2026 Talassio
2512 1986 2664 2028 ser-

641 2076 768 2141 vire
792 2124 810 2158 ,
842 2074 967 2140 Cat.
1009 2072 1219 2156 LVII,
1270 2075 1426 2156 134,
1464 2073 1867 2138 Talassionem
1910 2074 2114 2139 dicere
2140 2123 2157 2156 ,
2208 2076 2384 2140 Mart.
2436 2077 2500 2161 1,
2531 2082 2659 2163 36,

640 2193 721 2272 6,
766 2200 880 2252 etc.
931 2190 1021 2255 De
1072 2207 1217 2251 voce
1256 2184 1487 2251 diverse
1526 2196 1794 2272 veteres,
1843 2188 1947 2251 alii
1988 2186 2065 2252 ad
2115 2188 2346 2252 famam
2398 2187 2477 2254 de
2524 2190 2662 2257 Ta-

633 2304 808 2369 lassio
853 2302 1128 2390 quodam
1160 2303 1490 2366 referentes
1537 2297 1661 2390 18)
1690 2350 1707 2385 ,
1773 2303 1876 2366 cui
1922 2300 1998 2366 de
2037 2303 2219 2388 raptis
2247 2304 2490 2370 Sabinis
2529 2329 2661 2375 una

634 2420 835 2504 specie
888 2411 1146 2503 insignis
1185 2414 1508 2501 contigerit
1533 2463 1550 2498 ,
1590 2414 1721 2497 alii,
1776 2436 1815 2479 a
1853 2411 2084 2497 τάλαρον
2108 2462 2127 2498 ,
2195 2418 2453 2502 quasillo
2499 2420 2659 2484 lanae

632 2530 976 2612 servandae,
1029 2529 1281 2592 lanificii
1341 2528 1591 2614 signum
1637 2549 1784 2593 cum
1847 2529 2157 2612 Varrone,
2203 2552 2302 2614 ap.
2370 2532 2656 2615 Festum,

580 2619 594 2632 ·
629 2646 942 2709 facientes.
989 2642 1281 2727 Sequenti
1313 2643 1559 2727 nuptias
1600 2641 1698 2706 die
1728 2652 1920 2727 nupta
1957 2640 2102 2706 deos
2144 2643 2471 2727 sacrificio,
2500 2667 2655 2711 ma·-

627 2758 780 2821 ritus
832 2756 1034 2820 denuo
1084 2776 1259 2820 coena
1304 2766 1577 2841 exceptos
1634 2755 1962 2819 familiares
1984 2802 2004 2839 ,
2055 2777 2177 2842 quo
2221 2755 2483 2821 trahitur
2529 2781 2647 2823 vox

627 2870 896 2958 repotia,
942 2870 1304 2934 muneribus
1340 2870 1635 2934 abeuntes
1673 2867 1981 2934 donabat..

688 3054 738 3112 1)
776 3054 849 3102 Cf.
871 3054 1041 3103 Creuz.
1069 3050 1118 3119 ἓ.
1141 3051 1224 3102 69.
1244 3082 1304 3091 -
1324 3053 1375 3117 2)
1412 3052 1484 3100 Cl’·
1508 3052 1667 3100 Varro
1692 3052 1753 3100 de
1776 3051 1837 3100 L.
1866 3050 1929 3100 L.
1953 3051 2014 3116 6,
2039 3067 2091 3117 p.
2114 3051 2180 3101 72
2198 3088 2213 3105 .
2238 3051 2372 3103 Fest.
2398 3052 2451 3102 in
2472 3069 2646 3103 eume-

619 3160 731 3194 mm
749 3149 800 3191 et
817 3160 1101 3204 cumeram,
1123 3144 1285 3191 Plaut.
1315 3143 1502 3192 Craton.
1528 3142 1582 3207 5,
1607 3142 1652 3205 1,
1677 3142 1709 3192 5
1727 3178 1745 3206 ,
1767 3140 1909 3191 Ruti.
1929 3141 1978 3204 4,
1998 3141 2048 3205 4,
2072 3140 2155 3191 37.
2175 3170 2236 3180 -—
2253 3140 2458 3209 anaim
2476 3143 2558 3205 28,
2575 3143 2610 3193 9
2627 3160 2641 3194 :

620 3262 684 3272 —-
701 3249 770 3283 ne
780 3233 908 3297 qm'd
924 3215 1052 3280 mali·
1066 3233 1418 3282 medicamenti
1431 3231 1718 3281 inferretur.
1731 3230 1856 3296 -4)
1874 3231 2066 3296 Lipsius
2081 3232 2145 3281 ad
2162 3233 2283 3283 Tac.
2308 3238 2454 3284 Ann.
2470 3234 2522 3300 4,
2546 3235 2609 3284 16
2623 3273 2641 3301 ,

615 3343 645 3375 e
661 3325 827 3373 Servio
842 3316 911 3362 ἕ·-
927 3324 1058 3386 quid
1071 3324 1206 3370 onim
1224 3329 1298 3370 ost
1310 3323 1461 3370 aliud
1478 3323 1682 3386 dextroe,
1708 3338 1862 3386 quam
1885 3324 1942 3370 in
1965 3302 2178 3371 manain
2201 3327 2470 3391 convenire
2481 3344 2502 3385 ,-
2521 3328 2642 3390 q'uoe

613 3418 872 3466 conventio
894 3431 948 3463 eo
971 3416 1076 3462 ritu
1088 3413 1359 3476 perficitur
1379 3448 1395 3476 ‚
1426 3418 1485 3459 ut
1503 3427 1642 3475 aqua
1665 3418 1713 3459 et
1729 3411 1840 3474 iqm‘
1866 3410 2135 3475 adhibitis,
2171 3412 2371 3460 duobus
2400 3417 2644 3464 maximis

612 3508 898 3568 elementia,
933 3511 1123 3554 natura
1159 3503 1431 3565 conjuncta
1464 3502 1710 3551 habeatur
1730 3518 1752 3549 .·
1789 3517 1905 3565 quoe
1940 3517 2019 3549 ros
2049 3503 2120 3550 ad
2143 3501 2402 3564 sarmatas
2428 3507 2645 3568 nuptias

604 3599 853 3662 perlinat,
888 3594 1074 3658 quibus
1103 3591 1396 3640 flaminem
1432 3598 1481 3638 et
1502 3591 1848 3640 Flaminicam
1861 3589 1986 3653 jure
2003 3592 2269 3655 pontificio
2290 3595 2349 3640 in
2372 3596 2643 3644 maerimo-
2664 3624 2665 3629 =

609 3689 757 3735 nium
783 3697 976 3732 necesse
1009 3686 1082 3727 est
1099 3680 1384 3727 convenire.
1407 3677 1484 3726 cf.
1507 3675 1649 3743 Ovid.
1669 3678 1814 3726 Fast.
1846 3676 2028 3739 ⁴57oe
2055 3714 2072 3741 ,
2088 3681 2163 3727 A.
2182 3681 2252 3727 A.
2278 3678 2453 3742 2,·598
2471 3717 2488 3745 ‚
2507 3698 2643 3745 quo,

599 3773 984 3837 saciumjnueoe
999 3769 1138 3831 ignis
1157 3766 1362 3835 etuunda
1382 3773 1535 3828 viros,
1560 3765 1704 3814 Varr.
1718 3765 1780 3815 L.
1802 3765 1865 3814 L.
1885 3764 1935 3829 4,
1958 3782 2011 3830 p.
2034 3766 2236 3831 18.—5)
2253 3767 2314 3815 V.
2336 3765 2379 3835 §.
2400 3769 2639 3821 ⁴82.100.

605 3864 786 3912 Juven.
810 3861 934 3911 Luc.
965 3861 1031 3924 2,
1056 3856 1153 3906 354
1174 3894 1190 3921 ,
1220 3856 1354 3920 sissia
1376 3864 1610 3907 coronato
1633 3873 1736 3905 non
1755 3859 1979 3921 pendent
2001 3858 2177 3905 limine
2192 3864 2344 3905 serta.
2364 3885 2424 3895 —-
2443 3860 2500 3925 fl)
2521 3859 2638 3908 Sci-

604 3965 723 4015 licet
744 3976 890 4026 parva
905 3996 920 4022 ,
943 3975 1090 4023 quam
1116 3944 1355 4027 δοράτιον
1379 3957 1705 4021 Plutarchus,
1742 3972 2000 4006 recurvam
2024 3956 2222 4005 Ovidius
2244 3962 2408 4007 vocat.
2443 3959 2634 4011 Eadem

605 4073 697 4106 cur
731 4050 976 4104 eoelibaris
995 4085 1011 4115 ,
1042 4051 1142 4099 sive
1180 4066 1208 4098 a
1241 4051 1409 4102 coelebs
1437 4050 1536 4099 sive
1571 4051 1667 4099 alio
1701 4049 1915 4114 quodam
1948 4056 2110 4117 etymo
2130 4086 2144 4115 ,
2180 4049 2411 4119 dicatur,
2443 4054 2634 4107 stum-a
