3111 4829
1321 409 1621 495 (369)

419 561 523 596 nos
541 547 751 609 redisse,
770 559 931 609 qnam
948 543 1239 607 laboratur,
1256 542 1520 606 proverbio
1540 542 1814 594 increbuit.
1835 543 2043 596 Triarii
2056 555 2432 614 consumentes,

416 635 513 684 nbi
531 637 588 684 in
610 634 877 683 intervalla
898 634 1140 681 ordinum
1166 648 1378 680 suorum
1399 633 1662 695 principes
1683 639 1732 680 et
1750 636 1971 683 hastatos
1996 640 2298 700 recepissent
2303 673 2323 702 ,
2348 655 2437 687 ex-

417 725 600 787 templo
621 725 915 786 compressis
937 722 1203 771 ordinibus
1226 721 1361 768 velut
1392 721 1696 770 claudebant
1731 718 1840 772 vias
1855 757 1874 787 ,
1911 740 2114 789 unoque
2152 729 2435 776 continente

416 813 619 874 aqmino
638 847 653 873 ‚
668 812 777 876 jam
798 793 945 859 nulla
967 825 1055 873 apo
1074 816 1191 873 post
1210 803 1386 857 relicta
1403 846 1420 871 ,
1448 812 1505 856 in
1526 811 1715 859 hostem
1734 812 2040 861 incidebant.
2061 814 2183 862 Cum
2205 814 2302 861 hoc
2323 816 2438 863 loeo

414 899 485 948 οῖ.
506 899 761 962 vegetium
779 935 797 962 ,
821 898 883 960 5,
905 895 997 961 14,
1030 897 1092 946 de
1114 897 1222 946 acie
1244 897 1632 962 precipientem.
1653 927 1714 936 —
1735 899 1787 959 4)
1810 900 1873 950 V.
1894 901 1999 950 Liv.
2022 902 2054 951 8
2073 939 2091 968 ,
2115 901 2165 950 8.
2188 929 2250 940 —-
2267 903 2322 965 5)
2355 904 2435 953 Cs-

417 987 523 1036 cio.
546 989 606 1036 do
641 986 762 1037 Son.
789 986 849 1036 17
867 1023 884 1050 ,
915 986 1072 1035 Varro
1111 989 1172 1036 do
1198 987 1268 1037 R.
1297 987 1367 1038 R.
1406 988 1466 1051 1,
1489 987 1554 1051 7,
1579 988 1771 1037 Colum.
1795 988 1828 1037 3
1845 1026 1862 1053 ‚
1897 989 1980 1040 13.
1999 1017 2063 1031 -·-
2085 992 2137 1054 6)
2164 991 2242 1040 Cf.
2262 984 2446 1041 Creuz.

417 1072 463 1144 ς.
488 1074 661 1137 945-6,
681 1102 743 1112 -
763 1073 817 1136 7)
840 1076 914 1124 Cs.
945 1075 1051 1124 Liv.
1090 1074 1124 1124 4
1142 1111 1159 1140 ,
1183 1073 1247 1124 28
1272 1080 1322 1125 et
1342 1067 1425 1125 39.
1449 1102 1509 1115 -
1531 1070 1583 1137 8)
1609 1077 1682 1126 Cf.
1706 1078 1878 1142 Veget.
1901 1079 1963 1145 3,
1989 1079 2084 1145 19,
2108 1080 2233 1129 Gell.
2261 1081 2355 1146 10,
2379 1081 2433 1129 9.

415 1158 468 1226 9)
488 1164 563 1213 Cf.
585 1160 692 1213 Liv.
716 1157 809 1227 44,
832 1157 893 1227 9,
917 1165 1043 1213 Coes.
1068 1166 1131 1213 do
1166 1165 1232 1215 B.
1258 1166 1321 1215 G.
1351 1161 1383 1214 Ξ
1402 1202 1419 1229 ,
1444 1165 1511 1228 4,
1541 1166 1666 1216 Luc.
1690 1167 1753 1233 3,
1777 1168 1892 1218 ⁴74.
1915 1169 2187 1235 —10)cr.
2212 1166 2343 1219 Fest.
2379 1164 2434 1219 in

413 1269 555 1304 sorra
574 1251 843 1319 prorum-2²,
865 1245 1041 1318 Veget-
1064 1254 1102 1303 1.
1140 1270 1188 1303 c.
1210 1282 1270 1293 —
1294 1254 1377 1320 11>
1396 1255 1472 1306 Cf.
1495 1256 1623 1307 Gen.
1647 1256 1688 1307 1.
1711 1272 1792 1322 c.,
1815 1257 1988 1323 Veget.
2010 1259 2050 1309 1.
2074 1274 2124 1309 c.
2142 1284 2208 1300 -
2226 1258 2310 1325 12)
2332 1255 2437 1309 Ve-

414 1348 515 1407 με.
536 1344 575 1392 l.
606 1358 656 1392 ο.

505 1462 656 1524 372.
708 1458 1092 1545 Oppidorum
1123 1461 1681 1548 oppugnandomm
1724 1465 1877 1528 ratio
1920 1484 2060 1546 quae
2087 1464 2276 1529 fuerit
2302 1465 2442 1530 Ro-

414 1571 613 1634 manis
632 1619 651 1653 ,
694 1592 968 1659 quosque
999 1572 1065 1635 in
1104 1595 1175 1638 ea
1205 1595 1555 1660 progressus
1586 1576 1845 1640 fecerint
1867 1625 1886 1660 ,
1923 1576 2307 1662 aliquatenus
2337 1600 2440 1641 os-

413 1681 675 1747 tendunt
702 1684 965 1749 notiores
992 1688 1511 1772 oppugnationes,
1542 1673 1808 1774 quarum
1831 1688 1947 1774 ipsi
1970 1687 2438 1774 descriptionem

408 1794 823 1882 reliquerunt3
865 1797 932 1861 in
962 1796 1058 1861 his
1087 1799 1387 1883 Vejorum
1406 1850 1423 1884 ,
1453 1795 1581 1866 Liv.
1627 1802 1686 1869 V
1709 1850 1726 1884 ,
1762 1806 1801 1867 7
1846 1813 1906 1866 et
1940 1805 2023 1867 19
2047 1851 2066 1888 ,
2093 1803 2425 1889 Syracusa-

412 1930 553 1973 rum
574 1957 592 1992 ,
615 1909 740 1975 Liv.
764 1911 992 1994 XXIV,
1015 1915 1120 1997 33,
1146 1909 1490 1980 Ambraciae
1506 1964 1524 2000 ,
1546 1915 1678 1980 Liv.
1703 1915 2053 2000 XXXVIII,
2087 1921 2162 2000 4,
2187 1915 2435 1999 Alesiae,

412 2020 560 2087 Caes.
592 2022 670 2087 do
699 2020 788 2088 B.
815 2019 895 2089 G.
922 2026 1043 2096 VII
1064 2074 1083 2110 ,
1118 2027 1227 2094 68.
1251 2051 1381 2116 sqq.
1404 2078 1421 2113 ,
1451 2030 1753 2114 Massiliae,
1770 2029 1866 2095 ld.
1895 2029 1973 2094 do
1993 2019 2082 2094 B.
2119 2027 2189 2094 C.
2218 2030 2289 2114 1,
2319 2031 2432 2094 34.

421 2153 552 2219 “lq-

501 2247 779 2311 Primum
822 2251 969 2312 urbs
999 2254 1399 2336 cingebatur,
1438 2275 1563 2337 quo
1596 2254 1859 2316 trahitur
1888 2274 2112 2319 corona
2141 2256 2390 2338 cingere
2413 2298 2436 2337 ‚

411 2359 731 2447 obsidere,
779 2361 938 2429 fossa
985 2374 1049 2429 et
1112 2364 1268 2429 vallo
1320 2375 1747 2451 oppugnantes
1792 2377 2003 2433 contra
2054 2368 2435 2433 obsessorum

412 2476 761 2560 eruptiones
784 2487 1017 2541 tuente.
1045 2476 1284 2542 Deinde
1300 2526 1318 2561 ,
1344 2490 1415 2551 ut
1438 2479 1778 2564 plurimum
1800 2528 1817 2563 ,
1838 2503 2128 2567 aggerem
2151 2481 2435 2547 latiorem

328 2582 331 2583 ⁷
409 2598 470 2652 et
500 2608 688 2679 quam
738 2587 1159 2654 firmissimum
1199 2601 1358 2655 terra
1383 2639 1402 2675 ,
1439 2592 1639 2677 ligno,
1690 2593 1996 2678 lapidibus
2019 2639 2039 2678 ,
2066 2593 2200 2658 aliis
2228 2593 2434 2659 duce-

406 2701 590 2788 bant,
656 2704 965 2768 moenibus
1023 2696 1317 2791 paulatim
1377 2707 1626 2793 propius
1675 2709 2128 2775 admovendum
2153 2759 2171 2794 ,
2219 2710 2437 2775 altitu-

412 2816 557 2881 dine
585 2818 681 2881 vel
707 2829 1054 2905 aequantem
1097 2821 1194 2884 vel
1239 2832 1652 2906 superantem.
1705 2816 1792 2886 Ex
1837 2810 1958 2888 boe
1996 2823 2216 2888 urbem
2253 2823 2433 2888 variis

411 2927 714 2993 machinis
738 2978 755 3013 ,
800 2908 1239 3015 poliorceticis,
1292 2929 1355 3019 1)
1401 2933 1960 3019 aggrediebantur,
1998 2957 2262 3022 quarum
2297 2935 2437 3000 aliae·

410 3040 785 3125 jaculatorias
805 3088 823 3123 ,
851 3052 1153 3107 tormenta
1177 3091 1195 3126 ,
1227 3044 1361 3107 aliae
1401 3046 1648 3131 proprie
1677 3046 2098 3113 obsidionales.
2139 3048 2216 3111 In
2249 3047 2437 3131 jacu-

413 3152 643 3217 latoriis
690 3151 758 3239 2)
811 3152 1048 3219 ballista
1079 3152 1192 3243 3),
1244 3159 1550 3241 catapulta
1586 3154 1696 3244 4),
1745 3160 2019 3244 scorpio,
2059 3170 2123 3223 et
2168 3180 2316 3224 cum
2357 3180 2435 3223 eo

412 3265 702 3332 confusus
752 3286 984 3351 onager
1008 3314 1026 3351 ,
1078 3269 1189 3354 qui
1238 3268 1468 3335 Graecis
1493 3269 1774 3348 μοιέγκω
1806 3294 2054 3361 quoque
2082 3272 2280 3339 dictus
2311 3269 2429 3361 5),

413 3378 639 3468 quibus
687 3375 953 3463 lapidee,
1005 3380 1121 3444 tela
1149 3429 1166 3464 ,
1195 3380 1509 3467 falaricas,
1562 3385 1872 3459 malleolos
1894 3435 1913 3471 ,
1943 3387 2286 3472 scorpiones
2316 3383 2432 3474 6),

415 3492 593 3559 sudes
621 3493 904 3581 aliaque,
947 3494 1194 3560 missilia
1218 3545 1235 3580 ,
1267 3498 1609 3564 mittebant.
1642 3502 1717 3565 In
1759 3501 2236 3566 obsidionalibus
2270 3510 2432 3565 nota}

416 3617 559 3670 sunt
599 3617 792 3671 turres
818 3654 836 3690 ,
884 3626 1028 3693 quae
1073 3608 1332 3694 ligneae,
1372 3612 1740 3701 quandoque
1782 3615 2022 3679 enormi
2062 3611 2385 3679 altitudine
2408 3659 2429 3694 ,

410 3728 681 3785 rotarum
708 3731 771 3785 et
818 3720 1237 3809 cylindrorum
1264 3746 1380 3811 ope
1408 3725 1486 3790 ad
1516 3728 1743 3793 moenia
1772 3728 2157 3814 pellebantur
2183 3723 2251 3815 7)
2273 3750 2291 3810 3
2317 3727 2430 3791 tol-

415 3831 559 3897 leno
581 3881 600 3917 ,
630 3834 799 3899 velut
836 3836 1137 3901 militibus
1185 3838 1253 3901 in
1295 3860 1549 3904 murum
1593 3863 1879 3927 suspensa
1918 3841 2104 3905 corbe
2137 3842 2452 3906 attollen-

418 3943 511 4009 dis
561 3942 670 4033 8);
712 3949 1017 4016 sambucae
1080 3949 1303 4040 (Stevv.
1348 3949 1515 4040 ib.);
1559 3954 1732 4019 scalas
1796 3955 2104 4039 murales3
2159 3956 2378 4020 arietes
2408 4003 2428 4040 ,

419 4061 642 4144 falces,
690 4061 983 4150 terebrae,
1045 4066 1246 4150 corvi,
1310 4089 1532 4155 grues,
1587 4067 1887 4135 fodiendis
1943 4068 2429 4158 proruendisque

2029 4179 2107 4240 47
