3111 4829
1265 428 1514 510 (145)

362 570 459 623 tus
482 561 790 646 capiebat3
815 561 1002 648 idque
1030 584 1110 626 ne
1127 562 1274 625 vitio
1313 560 1487 627 fieret
1507 610 1525 645 ,
1552 566 1920 648 pomoerium
1945 577 2391 657 transgressum

367 674 818 760 auspicandum
851 686 978 742 erat
1005 673 1094 764 3).

436 834 487 895 1)
504 835 580 883 Cf.
598 837 787 886 Ernesti
807 837 948 887 Clau.
974 839 1080 888 Cic.
1098 840 1176 888 lex
1191 834 1349 889 Εὕα.
1372 841 1497 906 -2)
1522 841 1599 890 Cf.
1614 844 1730 891 Ant.
1759 844 1965 907 August.
1986 849 2047 894 do
2066 848 2219 913 Leqq.
2238 867 2286 898 c.
2311 852 2399 915 12,

373 921 533 971 Thes.
559 923 725 973 Groev.
749 926 850 974 vol.
869 927 922 974 2.
940 941 992 991 p.
1015 926 1129 977 146.
1149 956 1210 964 —
1230 929 1284 988 ὅ)
1303 929 1378 977 Cf.
1399 930 1504 978 Cic.
1529 933 1590 979 do
1613 930 1686 979 N.
1708 933 1784 982 D.
1801 934 1868 998 2,
1893 933 1957 997 ⁴,
1983 937 2044 984 de
2067 934 2194 988 Dio.
2221 940 2246 988 1
2271 976 2285 1003 ,
2315 934 2406 1004 17.

372 1010 563 1059 Ernesti
588 1012 730 1062 OEav.
745 1012 850 1063 Cic.
874 1015 928 1063 in
953 1016 1339 1067 tabernaculum
1362 1024 1412 1067 et
1432 1035 1657 1084 eur-qm.

466 1154 615 1217 161.
664 1153 952 1239 Auspicia
1000 1155 1336 1239 excipiebat
1384 1158 1651 1222 solennis
1675 1160 1906 1224 civium
1933 1210 1950 1244 ‚
1983 1164 2169 1248 olim3
2217 1165 2408 1254 vulgo

378 1273 542 1327 certe
565 1261 648 1353 (§.
680 1268 828 1330 149.
853 1264 912 1352 ),
937 1288 1046 1351 per
1070 1268 1453 1333 cornicinem
1480 1267 1569 1356 1),
1592 1283 1701 1335 aut
1720 1294 2047 1341 accensum
2072 1276 2162 1365 2),
2186 1281 2412 1345 seriore

377 1388 584 1441 autem
613 1397 741 1442 aevo
784 1399 894 1464 per
933 1380 1257 1467 Augurem
1293 1385 1651 1449 convocatio
1703 1385 1794 1471 3).
1861 1388 2303 1477 Congregatos,
2344 1406 2416 1459 ut

379 1489 620 1555 videtur
646 1540 664 1574 ‚
707 1492 773 1555 in
802 1493 993 1575 Foro,
1044 1495 1434 1580 magistratus
1470 1497 1550 1561 ad
1587 1500 1836 1565 comitia
1858 1549 1876 1583 ,
1915 1504 2037 1567 sive
2062 1506 2268 1571 locum
2321 1507 2419 1572 his

388 1602 682 1668 habendis
729 1604 1000 1669 dicatum
1021 1654 1037 1687 ,
1086 1629 1344 1694 pergere
1399 1609 1703 1693 jubebat,
1764 1614 2021 1701 Augure
2088 1621 2422 1688 formulam

386 1728 732 1802 praeeunte,
761 1739 884 1803 quo
934 1717 1012 1781 ad
1037 1718 1226 1783 finem
1264 1723 1656 1789 comitiorum
1679 1728 1960 1795 ministro
1991 1734 2278 1800 utebatur
2320 1734 2413 1825 4).

390 1829 558 1894 Olim
591 1852 806 1895 omnes
825 1833 1044 1911 armati
1078 1845 1139 1898 et
1169 1838 1485 1923 compositi
1515 1839 1632 1903 sub
1659 1843 1891 1906 vexillis
1910 1844 2280 1912 incedebant
2313 1848 2382 1938 5)
2403 1900 2422 1934 ‚

389 1942 578 2033 idque
615 1955 752 2008 tum
794 1947 1132 2011 securitatis
1162 1950 1353 2033 gratia
1377 1997 1394 2032 ‚
1443 1960 1610 2036 tum,
1660 1956 1807 2039 quia
1851 1957 1981 2042 ipsa
2014 1960 2082 2022 in
2115 1965 2426 2029 centurias

390 2054 602 2122 divisio
623 2056 702 2122 ad
726 2081 905 2124 usum
930 2059 1259 2125 militarem
1285 2057 1355 2147 6)
1378 2064 1882 2156 accommodata(
1901 2066 1962 2150 §-
2002 2070 2195 2160 145.)
2241 2077 2383 2141 Post
2410 2125 2428 2161 ‚

392 2170 564 2235 nullo
587 2171 720 2255 jam
748 2173 827 2235 ab
856 2172 1132 2236 hostibus
1169 2175 1389 2239 timore
1409 2223 1429 2258 ‚
1454 2188 1517 2241 et
1544 2189 1780 2244 mutata
1816 2181 2073 2269 insuper
2098 2191 2429 2256 centuria·-

392 2306 531 2347 rum
555 2286 788 2350 ratione
809 2334 827 2370 ,
840 2288 1045 2352 caeteri
1065 2288 1196 2352 sine
1223 2289 1410 2353 armis
1432 2295 1973 2379 congregabantur
1995 2346 2011 2382 ,
2036 2322 2177 2386 pars
2194 2316 2428 2370 armata

394 2397 778 2482 Janiculum,
803 2400 994 2486 posito
1014 2401 1081 2464 in
1104 2423 1245 2466 arce
1273 2398 1345 2489 7)
1368 2403 1581 2469 vexillo
1599 2402 1700 2493 8),
1731 2408 2098 2478 durantibus
2122 2419 2389 2483 comitiis
2407 2468 2425 2503 ,

399 2511 807 2596 antiquitatis,
858 2525 929 2577 ut
979 2535 1123 2578 sane
1154 2514 1484 2600 crederes,
1531 2523 1884 2589 reverentia
1930 2530 2269 2614 occupabat
2334 2533 2426 2621 9).

400 2622 631 2688 Eadem
667 2624 946 2690 militaris
980 2628 1404 2694 centuriarum
1439 2634 1635 2699 forma
1682 2656 1863 2703 causa
1910 2640 2029 2704 fuit
2057 2691 2073 2724 ,
2119 2665 2232 2708 cur
2273 2646 2437 2715 intra

399 2735 622 2799 urbem
647 2737 892 2801 comitia
912 2740 1252 2826 centuriata
1272 2740 1485 2809 haberi
1509 2768 1636 2810 non
1658 2762 1934 2833 possent,
1966 2751 2076 2816 ubi
2101 2755 2436 2843 imperium

403 2847 432 2937 (
454 2853 514 2937 §.
544 2848 744 2937 183.)
777 2850 854 2914 de
894 2874 1064 2917 more
1083 2876 1269 2918 nemo
1309 2858 1610 2924 retinebat
1638 2859 1768 2948 10).
1806 2864 2114 2933 Caeterum
2136 2870 2438 2938 habendis

404 2967 745 3052 antiquitus
764 2966 1168 3052 inauguratus
1197 2980 1361 3034 extra
1384 2974 1613 3038 rnoenia
1657 2976 1947 3043 Serviana
1979 2981 2249 3069 Campus
2271 2989 2437 3054 Mar-

405 3079 528 3142 tius
553 3076 706 3166 11),
745 3080 893 3142 olim
920 3081 1183 3166 simplici
1215 3081 1293 3145 ad
1328 3106 1510 3147 usum
1537 3098 1794 3171 ornatu,
1820 3111 1923 3153 ara
1948 3140 1965 3173 ‚
1998 3096 2180 3178 septis
2201 3148 2217 3180 ‚
2273 3122 2432 3184 pon-

407 3191 573 3258 tibus
597 3242 614 3276 ,
659 3192 799 3257 villa
837 3193 1085 3279 publica
1113 3192 1222 3281 12)
1245 3243 1263 3278 ‚
1291 3197 1592 3262 tribunali
1618 3248 1635 3282 ,
1678 3201 2076 3269 tabernaculo
2096 3257 2114 3290 ‚
2157 3211 2271 3274 sub
2301 3213 2437 3279 Au-

413 3316 591 3391 gusto
633 3306 813 3391 septis
863 3308 1218 3372 marmoreis
1251 3310 1706 3400 porticibusque
1743 3316 2072 3401 magnifice
2122 3320 2439 3401 decoratus

416 3418 564 3506 13),
603 3443 775 3503 mox,
805 3422 1111 3487 sublatisa
1154 3415 1728 3512 Tiberio'comitiis‚
1761 3435 2200 3501 mercatoribus
2231 3442 2437 3506 ludis-

419 3556 539 3618 que
564 3557 881 3600 concessus
920 3533 1047 3622 14).

485 3726 536 3790 1)
560 3726 687 3775 Gen.
713 3728 803 3788 15,
843 3728 934 3792 27,
966 3727 1180 3792 DionyS‚
1217 3728 1283 3791 2,
1310 3728 1375 3790 8,
1412 3729 1473 3794 4,
1498 3730 1582 3779 37.
1603 3758 1664 3769 —-
1685 3732 1737 3796 9)
1763 3732 1837 3781 Cf.
1859 3733 2020 3782 Varro
2050 3738 2111 3784 do
2133 3739 2195 3787 L.
2221 3741 2282 3791 L.
2304 3745 2365 3810 5,
2390 3765 2440 3813 p,

420 3815 561 3863 62-5.
587 3844 645 3852 —
667 3816 893 3881 3›1h.1›.
916 3817 998 3865 55.
1024 3845 1082 3853 —
1103 3815 1154 3877 4)
1179 3816 1254 3865 Cr.
1278 3817 1409 3865 Varo
1432 3820 1494 3867 de
1514 3819 1585 3869 R.
1607 3819 1674 3869 R.
1694 3822 1755 3885 5,
1775 3823 1834 3879 2.
1851 3822 1942 3872 Ibi
1960 3824 1978 3887 (
1996 3825 2048 3872 in
2069 3827 2182 3875 villa
2201 3833 2436 3903 publica)

422 3906 653 3968 Appium
685 3905 961 3954 Claudium
982 3942 999 3970 ,
1036 3908 1299 3969 Anqurom
1322 3944 1337 3970 ‚
1373 3909 1620 3956 sedentem
1660 3913 1952 3960 insanimus
1986 3917 2044 3962 in
2073 3918 2353 3988 subselliis,
2380 3939 2441 3977 nc

426 3993 637 4040 Comata·
649 4029 667 4054 ‚
687 3995 736 4040 si
749 3994 877 4056 quid
900 4009 1023 4042 usus
1035 3998 1344 4058 poposcisset
1363 4032 1381 4060 ,
1401 4004 1739 4060 essetproesto.
1762 4027 1823 4035 —-
1844 3999 1897 4064 5)
1916 4001 1991 4049 Cf.
2016 4003 2142 4053 Gen.
2185 4008 2247 4057 15
2264 4048 2279 4070 ,
2298 4013 2361 4062 27
2381 4045 2438 4054 -.

424 4082 475 4143 ὓ)
499 4081 572 4130 Cf.
594 4082 792 4147 Dionys.
814 4082 872 4147 4,
921 4083 1000 4132 84.
1024 4084 1149 4150 -7)
1178 4086 1246 4134 Dc
1269 4086 1498 4136 Janictsso
1517 4124 1533 4150 ,
1578 4087 1713 4137 testis
1743 4089 1831 4136 Dio
1852 4090 1984 4138 CasS.
2001 4092 2090 4156 57,
2139 4095 2219 4146 27.
2246 4101 2303 4148 Iu
2339 4120 2451 4154 aree

2046 4183 2123 4241 19
