3111 4829
654 397 703 438 11
1489 383 1697 431 Palen
1706 388 1831 429 Tm.

654 511 883 573 fectum
905 529 1056 593 opus
1077 506 1381 591 vulgaturi
1407 529 1426 589 3
1455 524 1533 567 an
1564 524 1706 566 vero
1730 512 2021 567 caeterum
2057 501 2338 568 idoneam
2361 500 2665 566 scribendi

651 611 896 688 caueam
938 620 1317 703 adferamus),
1357 642 1391 684 e
1426 616 1821 705 sequentihus
1839 639 2020 701 opera
2051 626 2249 681 nostra
2282 616 2486 700 usuri3
2522 626 2584 680 et
2614 616 2665 678 si

648 757 911 823 quorum
946 746 1232 820 praeterea
1276 730 1854 815 intersit‚·judicent
1878 755 1896 814 3
1921 750 2038 794 nec
2074 730 2314 794 veniam
2352 753 2486 814 eos,
2525 727 2666 813 sed,

651 862 721 915 ut
748 849 1137 916 auditum‘ita
1166 849 1415 913 demum
1449 845 1904 930 condemnent,
1927 865 2230 932 rogamus,

644 1037 857 1086 lucidius
877 1069 895 1097 ‚
933 1039 1273 1096 quantumque
1316 1030 1432 1080 satis
1477 1036 1604 1095 esset
1621 1067 1636 1092 ‚
1662 1030 1908 1090 illustrare
1924 1064 1944 1093 ,
1990 1028 2119 1077 salva
2141 1065 2157 1091 ‚
2199 1043 2309 1091 quae
2347 1027 2426 1076 vel
2457 1029 2664 1076 maxime

644 1122 934 1189 compendia
961 1123 1105 1170 decet
1127 1160 1143 1185 ,
1166 1121 1405 1170 brevitate
1438 1119 1715 1167 studuimus
1731 1134 1747 1183 3
1783 1118 1955 1182 sicque
1977 1122 2029 1165 et
2061 1106 2249 1165 textum
2277 1131 2401 1179 saepe
2441 1120 2492 1163 et
2523 1121 2662 1163 notas

643 1230 760 1261 cum
823 1211 1189 1275 interpretando
1208 1245 1223 1272 ‚
1273 1215 1381 1257 tum
1426 1209 1663 1274 majorem
1682 1245 1698 1271 ‚
1741 1222 1770 1255 e
1809 1206 2056 1256 veteribus
2093 1205 2358 1269 praesertim
2377 1240 2394 1268 ‚
2436 1204 2660 1252 locorum

644 1318 906 1351 numerum
929 1300 1190 1349 inserendo
1227 1299 1467 1350 auximus.
1488 1299 1593 1361 Qua
1610 1299 1797 1346 ratione
1815 1312 1876 1346 ne
1893 1298 2043 1345 moles
2064 1295 2181 1343 libri
2202 1331 2217 1359 ‚
2238 1300 2290 1343 et
2308 1293 2426 1342 hinc
2449 1294 2661 1357 pretium

638 1397 887 1443 cresceret
904 1425 920 1452 ‚
948 1391 1126 1455 purtim
1164 1389 1293 1454 typis
1330 1389 1585 1452 aliquanto
1618 1386 1892 1437 minoribus
1909 1423 1927 1450 ,
1948 1386 2127 1450 partim
2164 1385 2386 1433 locorum
2407 1418 2423 1444 ‚
2447 1397 2660 1444 quorum

639 1482 812 1545 ingens
852 1480 993 1546 copia
1013 1517 1029 1544 ‚
1070 1479 1369 1529 indicatione
1409 1495 1437 1527 e
1484 1483 1620 1526 textu
1663 1477 1715 1525 in
1768 1481 1907 1525 notas
1951 1474 2184 1523 tramlata
2229 1472 2481 1520 effecimus
2501 1508 2516 1534 ,
2561 1471 2661 1519 duo

636 1570 783 1619 simul
803 1570 1038 1633 assecuti5
1058 1574 1115 1617 ut
1132 1575 1182 1617 et
1199 1586 1320 1634 opus
1337 1605 1352 1629 ‚
1372 1567 1519 1617 rebus
1541 1573 1690 1631 atque
1713 1565 2112 1631 interpretatione
2152 1562 2505 1627 amplificatum
2523 1596 2541 1624 ‚
2565 1560 2661 1608 mi-

638 1677 761 1710 nore
799 1665 963 1708 tamen
985 1660 1238 1708 volumine
1259 1659 1601 1707 contineretur
1615 1696 1629 1721 ,
1655 1661 1705 1706 et
1727 1661 1861 1706 textu
1884 1655 2059 1704 crebra
2081 1692 2097 1718 ,
2123 1654 2262 1717 queis
2285 1650 2661 1715 implicabatur,

639 1753 864 1809 locorum
902 1751 1204 1799 indicatione
1225 1750 1434 1803 liberato
1460 1785 1478 1810 ‚
1502 1746 1869 1796 incommodum
1909 1745 2154 1811 plerisque
2184 1740 2536 1805 discipulorum
2561 1754 2662 1788 non

640 1856 845 1907 parvum
867 1840 1171 1889 tolleremus.
1194 1839 1370 1888 Levius
1385 1873 1404 1903 ,
1427 1837 1514 1886 sed
1529 1842 1696 1886 tamen
1719 1833 2087 1885 incommodum
2114 1835 2222 1880 erat
2245 1828 2662 1894 paramphorum

642 1934 692 1980 in
713 1947 888 1994 magna
911 1932 1071 1996 operis
1093 1936 1232 1997 parte
1258 1928 1514 1992 inaequalis
1532 1925 1787 1990 longitudo
1801 1962 1817 1990 ‚
1832 1923 2089 1987 indenata,
2102 1922 2236 1985 quod
2245 1921 2420 1988 prioris
2437 1918 2663 1967 editionis

637 2022 850 2087 pagellas
890 2022 1104 2083 singulas
1145 2036 1272 2085 saepe
1309 2020 1360 2066 in
1402 2019 1568 2083 plures
1608 2016 1921 2065 extendentes
1936 2055 1947 2075 ‚
1990 2013 2201 2062 eundem
2241 2008 2658 2076 poeagraphorum

639 2126 901 2159 numerum
925 2111 1283 2159 retinueramus
1296 2144 1314 2172 ‚
1334 2107 1523 2156 scilicet
1545 2106 1723 2152 indicis
1739 2121 1924 2151 ¹rex-um
1959 2102 2142 2165 copiosi
2166 2102 2229 2147 od
2251 2116 2406 2147 novoe
2428 2112 2660 2147 numeros

636 2201 860 2250 mutandi
890 2201 1139 2264 laborem,
1163 2214 1313 2264 quem
1331 2212 1467 2246 nuuc
1489 2194 1795 2258 suscepimus
1813 2228 1829 2255 ‚
1856 2191 2116 2254 fugientes.
2185 2182 2190 2187 ’

704 2295 776 2344 De
813 2295 934 2343 locis
972 2299 1136 2342 autem
1167 2290 1528 2353 recentiorum,
1557 2303 1679 2351 quos
1712 2285 2003 2348 citavimus,
2028 2282 2324 2347 scriptorum
2342 2317 2359 2347 ,
2379 2281 2657 2331 monendus

636 2386 821 2447 lector,
845 2398 949 2432 esse
973 2383 1263 2445 nonnullos,
1288 2381 1339 2429 in
1364 2380 1522 2443 iisque
1541 2377 1837 2426 Creuzerum
1855 2410 1874 2441 ,
1899 2375 2176 2439 Erigonem,
2196 2378 2265 2436 et,
2288 2373 2429 2439 cujus
2448 2372 2662 2422 maxime

636 2472 793 2536 gratia
816 2473 917 2518 haec
937 2471 1147 2518 dicimus
1163 2504 1181 2532 ‚
1200 2470 1525 2516 Niebuhrium
1544 2501 1563 2530 ,
1591 2482 1804 2529 quorum
1827 2465 1986 2530 operis
2005 2480 2161 2528 quum
2181 2468 2426 2527 postrema
2443 2462 2660 2511 editione

642 2557 717 2607 uti
742 2559 793 2606 in
816 2556 1069 2621 praesentia
1092 2567 1193 2602 non
1216 2568 1482 2618 possemus,
1507 2552 1722 2615 priorem
1741 2551 2000 2598 consulere
2022 2555 2074 2597 et
2092 2550 2211 2597 hinc
2234 2544 2390 2594 citare
2406 2547 2660 2608 relinque-

640 2648 807 2696 batur.
820 2645 975 2707 Quam
991 2645 1055 2692 ob
1074 2659 1181 2692 rem
1201 2641 1288 2706 qui
1299 2640 1510 2689 nimium
1521 2654 1610 2686 nos
1627 2636 1975 2702 reprehendat,
1993 2635 2384 2682 onhnodvertere
2401 2646 2516 2679 eum
2531 2632 2656 2679 veli-

641 2752 751 2785 mus
773 2773 789 2798 ‚
809 2736 938 2783 hunc
957 2750 1059 2783 esse
1076 2740 1127 2783 et
1143 2734 1248 2781 sore
1267 2745 1459 2795 semper
1474 2727 1624 2778 studii
1640 2763 1659 2793 ,
1686 2728 1834 2790 quale
1849 2723 2285 2786 estantiquitntum
2303 2732 2618 2768 romanorum
2636 2755 2654 2784 ,

635 2825 1002 2888 conditionem,
1027 2827 1083 2872 ut
1104 2822 1262 2871 multa
1284 2822 1568 2879 occurrant,
1589 2817 1643 2863 in
1664 2816 1846 2877 quibus
1856 2847 1874 2875 ‚
1899 2812 2032 2874 quod
2053 2812 2106 2857 in
2126 2809 2408 2874 praesetione
2427 2809 2655 2873 dicimus,

636 2916 885 2982 conjicere
910 2925 1130 2978 semper,
1164 2912 1291 2959 scire
1318 2922 1579 2970 ‘nunquam
1602 2905 1766 2953 detur.
1791 2902 1850 2950 In
1874 2901 1950 2949 his
1972 2900 2095 2949 adeo
2120 2899 2303 2948 mirum
2324 2915 2426 2948 non
2448 2903 2521 2948 est
2535 2934 2553 2962 ‚
2577 2899 2618 2947 si
2636 2933 2656 2964 ‚

641 3013 699 3056 ut
719 3005 804 3054 alii
841 3004 1019 3069 passim
1065 3001 1128 3050 ab
1161 3001 1268 3050 aliis
1284 3034 1303 3064 ‚
1343 2997 1593 3047 interdum
1630 3010 1660 3043 a
1686 2998 1843 3042 semet
1874 2991 2137 3057 scriptores
2167 2989 2475 3054 discrepent5
2498 3005 2654 3055 quum

641 3100 816 3146 contra
837 3093 887 3142 in
910 3093 970 3141 iis
994 3129 1010 3155 ‚
1048 3105 1156 3154 quoe
1181 3091 1285 3155 jam
1307 3087 1369 3136 ad
1393 3085 1751 3134 dubitationem
1784 3080 2089 3131 eximendam
2121 3078 2234 3128 uti·
2271 3079 2514 3128 illustrate
2530 3080 2654 3128 exis—

637 3187 899 3248 timentur,
923 3180 1159 3231 credibile
1176 3179 1270 3243 sit,
1306 3176 1490 3225 nullius
1510 3172 1801 3223 sententiam
1825 3176 2046 3235 tempore
2067 3169 2267 3219 mutari.
2285 3169 2472 3233 Quare,
2497 3174 2555 3218 ut
2571 3167 2655 3218 hic

644 3276 771 3325 nihil
788 3274 1030 3337 intererit,
1053 3270 1231 3337 prioris
1250 3284 1314 3316 an
1336 3265 1620 3332 posterioris
1639 3262 1868 3313 editionis
1885 3262 2026 3311 locus
2045 3261 2312 3325 indicetur,
2334 3260 2475 3309 sicin
2495 3260 2659 3308 dubiis

637 3365 934 3430 plerumque
971 3376 1071 3410 non
1106 3366 1208 3408 tam
1229 3358 1281 3406 id
1304 3357 1482 3420 refert,
1502 3362 1560 3404 ut
1576 3391 1593 3420 7
1611 3354 1736 3418 quid
1749 3353 1858 3403 viro
1887 3352 2033 3402 docto
2056 3357 2355 3418 postremum
2377 3350 2620 3414 placuerit
2635 3382 2654 3412 ‚

634 3473 819 3523 quam,
847 3460 905 3503 ut
941 3470 1044 3502 rem
1065 3452 1129 3500 nb
1161 3466 1220 3501 eo
1250 3454 1509 3499 tractatam
1547 3462 1652 3496 mse
1685 3446 1960 3508 discamus5
1986 3442 2120 3506 quod
2141 3441 2348 3490 seientes
2363 3472 2381 3500 ,
2408 3437 2448 3483 si
2486 3438 2652 3486 locum

637 3547 801 3610 ipsum
836 3541 1092 3591 consulere
1129 3538 1285 3600 libet,
1324 3533 1553 3585 hortandi
1588 3534 1693 3599 jam
1725 3547 1827 3581 non
1857 3545 2058 3594 sumus,
2076 3543 2141 3576 ne
2162 3525 2224 3575 ad
2243 3525 2459 3589 priorem
2492 3525 2655 3588 potiu-

637 3635 902 3684 editionem
926 3644 1257 3680 recurramus.

713 3723 881 3770 Restat
898 3759 913 3785 ‚
949 3726 1005 3768 ut
1040 3720 1101 3768 de
1137 3717 1304 3781 lingna
1344 3720 1397 3764 et
1427 3713 1644 3763 dictione
1665 3712 1783 3762 libri
1803 3709 1959 3762 nostri
1992 3707 2095 3756 haec
2110 3703 2450 3771 profiteamur.
2482 3702 2657 3753 Latine

634 3812 852 3860 scribere
874 3847 890 3871 ‚
923 3825 1021 3857 non
1048 3808 1258 3859 barbare
1271 3843 1288 3872 7
1323 3821 1423 3855 non
1443 3803 1687 3854 voluimus
1709 3808 1899 3852 tuntum
1916 3833 1935 3863 ‚
1971 3797 2054 3846 sed
2070 3831 2089 3861 ,
2113 3799 2172 3843 ut
2190 3793 2515 3842 scriberemus
2536 3830 2552 3858 ‚
2572 3795 2651 3842 id-

633 3919 731 3966 que
754 3901 804 3949 in
826 3899 986 3966 primo
1009 3900 1115 3963 jam
1138 3896 1377 3963 opusculo
1391 3932 1407 3960 ,
1435 3892 1606 3944 scdulo
1641 3906 1841 3957 opernm
1862 3886 2104 3936 dedimus.
2124 3884 2363 3932 Caeterum
2377 3917 2396 3947 ,
2413 3883 2454 3930 si
2472 3917 2491 3947 ,
2516 3884 2652 3949 quod

633 3992 861 4042 dubitare
892 3989 1178 4050 arrogantiae
1210 3987 1484 4051 proximum
1523 3984 1745 4033 diceres:
1781 3979 1824 4028 si
1861 3975 1983 4042 quid
2016 3975 2169 4039 igitur
2207 3973 2423 4022 intortio
2446 3990 2648 4038 quoque

632 4082 845 4131 editione
865 4083 1119 4144 peccatum
1141 4112 1158 4141 ,
1184 4076 1316 4142 apud
1342 4075 1587 4125 doctiores
1602 4108 1620 4138 ‚
1654 4070 1801 4121 modo
1824 4085 1888 4120 ne
1904 4081 2114 4117 munero
2140 4064 2385 4114 offendam
2405 4102 2421 4130 ‚
2443 4066 2648 4116 maculis
