3111 4829
1388 384 1415 466 (
1454 383 1534 445 77
1576 383 1600 465 )

479 514 610 600 ipso
664 515 788 578 solo
841 513 1075 598 judicet
1108 525 1397 580 nocentes
1446 515 1734 599 licuerit,
1789 514 2157 580 dubitatum.
2214 515 2504 601 Exempla

480 638 730 712 tamen,
768 627 1031 715 quihus,
1053 628 1312 710 ⁸licuisse
1352 639 1688 715 utrumque
1712 678 1728 711 ,
1761 628 1961 716 potius
1992 650 2345 714 persuasum
2386 627 2504 694 ha-

480 739 774 826 beamus,
803 763 928 829 non
966 740 1189 805 desunt
1217 739 1311 828 1).
1344 743 1497 805 Nam
1520 741 1687 828 quod
1721 742 1784 805 in
1807 741 2113 830 pleri—que
2135 740 2440 806 adhibitos
2467 765 2504 807 a

480 865 651 939 patre
674 903 692 938 ,
732 866 802 919 ut
843 855 1033 941 pietas
1075 857 1287 943 fasque
1323 855 1600 941 flagitare
1641 854 1912 920 debuere
1931 904 1948 939 ,
1989 855 2357 921 necessarios
2397 855 2504 921 vi-

478 966 697 1032 demus
744 965 860 1054 2),
907 967 1055 1033 hinc
1077 991 1203 1033 non
1225 968 1500 1055 sequitur
1525 1019 1542 1053 ,
1567 969 1765 1033 solum
1789 968 2196 1055 cognoscendi
2218 990 2462 1033 causam
2481 1015 2501 1051 ,

477 1093 539 1147 et
565 1083 814 1147 noxium
841 1082 1145 1169 plectendi
1174 1082 1279 1167 jus
1309 1105 1432 1147 non
1464 1081 1766 1147 babuisse.
1801 1080 2031 1146 Eadem
2059 1070 2331 1168 exempla
2362 1083 2503 1146 satis

475 1208 786 1283 arguunt,
826 1197 933 1282 jus
978 1198 1109 1262 vitae
1150 1209 1211 1261 et
1253 1197 1421 1261 necis
1459 1197 1574 1262 sub
1613 1197 1947 1262 Caesaribus
1976 1197 2161 1260 etiam
2190 1195 2298 1259 diu
2327 1193 2502 1258 obti-
2563 1242 2570 1249 1

477 1309 701 1374 nuisse.
729 1310 1009 1374 Primum
1040 1286 1359 1375 imminuti
1385 1322 1698 1375 auctorem
1730 1311 2130 1393 Heineccius,
2178 1314 2207 1374 1
2238 1358 2255 1392 ,
2300 1313 2340 1373 9
2359 1357 2379 1391 ,
2421 1309 2461 1370 8
2480 1357 2500 1389 ,

473 1422 620 1490 facit
641 1424 1010 1510 Trajanum,
1042 1425 1245 1489 filium
1272 1426 1413 1489 saevi
1442 1426 1629 1511 patris
1657 1424 2167 1511 emancipantem.
2196 1422 2501 1487 Posterius

472 1561 709 1603 morem
752 1539 1092 1624 reperimus
1134 1540 1396 1625 graviter
1426 1514 1902 1625 'delinquentem
1931 1537 2133 1601 filium
2162 1535 2500 1622 magistra-

470 1650 636 1715 tibus
657 1652 902 1735 offerre,
924 1674 960 1715 e
979 1652 1163 1737 patris
1184 1663 1392 1715 tamen
1420 1652 1719 1716 sententia
1742 1644 2163 1737 puniendum3
2187 1649 2497 1735 simulque

472 1766 701 1830 feroces
723 1765 1050 1830 abdicandi
1088 1776 1345 1851 potestas
1384 1766 1659 1852 patribus
1701 1763 1943 1830 ademta
1980 1761 2069 1851 3).
2126 1764 2217 1829 Ita
2267 1762 2495 1826 sensim

470 1880 680 1942 multis
721 1880 918 1958 modis
953 1881 1301 1945 restrictum
1332 1879 1437 1963 jus
1469 1880 1607 1943 vitae
1638 1891 1697 1943 ct
1721 1880 1888 1943 necis
1917 1889 2221 1965 postremo
2245 1875 2491 1961 penitus

471 1993 713 2056 sustulit
762 1992 1196 2059 Constantinus
1237 1995 1319 2061 M.
1348 2044 1365 2079 ,
1410 1994 1844 2058 constitutione
1888 1992 2031 2056 dein
2070 1988 2492 2060 Valentiniani

470 2116 666 2171 totum
690 2107 756 2170 in
777 2108 1165 2194 magistratus
1186 2109 1544 2173 translatum
1582 2103 1670 2193 4).

537 2263 982 2335 1)v.§.89.1oe.
1007 2267 1133 2316 Gell.
1153 2266 1329 2330 5,19‚
1353 2266 1458 2314 Cic.
1478 2283 1535 2329 p.
1565 2266 1731 2314 Domo
1753 2264 1819 2313 29
1838 2301 1854 2328 ,
1879 2264 1986 2311 Liv.
2005 2264 2066 2325 2,
2095 2261 2179 2311 41.
2203 2262 2402 2328 Dionys.
2427 2261 2491 2326 8,

467 2353 551 2404 79.
567 2354 682 2402 Sen.
700 2355 762 2401 de
780 2355 934 2403 Clem.
955 2354 1102 2419 1,15‚
1124 2355 1428 2418 Eris-onem,
1441 2354 1690 2419 Equitem
1701 2354 2014 2417 Romanum,
2037 2354 2279 2402 memoria
2299 2359 2493 2418 nostra,

463 2447 592 2509 quia
614 2446 785 2507 filium
806 2459 957 2492 suum
976 2444 1192 2509 flaqellis
1217 2445 1490 2508 occiderat,
1509 2445 1741 2509 populus
1763 2447 1820 2492 in
1839 2444 1975 2495 Foro
1992 2445 2224 2508 qmphiis
2246 2445 2491 2508 confodit.

469 2537 528 2587 V
523 2540 578 2587 αἰ·
595 2539 743 2587 illum
764 2539 995 2603 Auqusti
1013 2538 1228 2588 Coesan‘s
1249 2533 1500 2587 autoritas
1517 2536 1717 2600 infestis
1737 2544 1839 2586 tam
1857 2543 2069 2600 patrum
2089 2552 2244 2600 quam
2262 2538 2491 2602 filiorum

462 2629 703 2680 manibus
722 2632 932 2693 eripuit.
964 2629 1040 2677 Cf.
1076 2627 1193 2675 Sall.
1228 2627 1338 2677 Cat.
1365 2625 1421 2676 1¹
1448 2664 1464 2692 ,
1484 2643 1583 2692 pro
1607 2633 1737 2676 certo
1759 2626 1985 2674 creditur
2001 2662 2017 2691 ,
2043 2631 2218 2675 necato
2239 2627 2377 2689 filio,
2399 2644 2492 2676 va·

460 2736 612 2770 enam
635 2721 843 2769 domum
870 2719 1086 2768 scelestis
1102 2719 1303 2782 nuptiis
1317 2716 1516 2781 secisse.
1535 2745 1596 2753 —-
1618 2716 1680 2782 Ξ)
1705 2715 1993 2781 Exemplum
2018 2716 2339 2765 memorabile
2358 2717 2490 2781 apud

460 2812 697 2860 Senecam
719 2809 754 2859 l.
782 2824 833 2860 c.
857 2837 919 2846 —
939 2808 1002 2874 ὅ)
1027 2808 1089 2856 V.
1109 2808 1146 2856 l.
1168 2807 1220 2857 6.
1247 2807 1370 2858 cod.
1393 2810 1454 2857 de
1468 2813 1611 2871 patr.
1629 2814 1738 2871 pot.
1762 2806 1837 2854 Cf.
1858 2806 2002 2855 Paul.
2027 2806 2168 2856 Sem.
2195 2806 2401 2871 Recept.
2424 2805 2488 2871 2,

458 2900 554 2967 24,
577 2900 705 2965 ibiq.
733 2905 841 2949 not.
862 2898 1139 2962 Schulting.
1165 2926 1227 2935 -
1250 2897 1311 2963 4)
1335 2898 1399 2945 V.
1422 2897 1568 2946 Hein.
1594 2896 1618 2945 1
1634 2932 1653 2961 ,
1677 2895 1739 2962 9,
1762 2895 1812 2944 8.

549 3070 655 3131 85.
705 3069 798 3131 De
839 3065 1022 3129 bonis
1064 3073 1335 3144 constat,
1374 3061 1597 3125 liberos
1646 3058 1761 3123 sub
1804 3059 1990 3145 patris
2029 3068 2320 3144 potestate
2359 3081 2487 3123 non

461 3180 574 3242 sibi
594 3229 612 3261 ,
638 3178 741 3244 sed
768 3179 927 3264 patri
949 3176 1274 3264 acquisisse
1300 3223 1317 3258 ,
1357 3175 1588 3261 quippe
1624 3173 1733 3261 qui
1759 3174 1824 3237 iu
1863 3173 2050 3259 patris
2071 3222 2088 3257 ,
2134 3184 2204 3237 ut
2239 3172 2395 3237 servi
2417 3173 2485 3236 in

460 3294 732 3378 domini,
778 3293 960 3358 rebus
1001 3301 1200 3368 essent
1246 3287 1359 3376 1),
1402 3287 1588 3370 adeo,
1634 3298 1705 3350 ut
1741 3309 1911 3351 noxae
1955 3286 2127 3367 dari,
2170 3285 2487 3374 quemad-

455 3410 713 3476 modum
737 3430 956 3496 pecora
982 3418 1042 3472 et
1066 3405 1220 3469 servi
1242 3415 1483 3491 possent
1523 3399 1630 3489 2).
1666 3401 1797 3466 Sub
1819 3404 1853 3466 J
1859 3403 1982 3467 ulio
2018 3402 2252 3467 Caesare
2276 3414 2485 3467 tamen

453 3525 596 3590 filiis
629 3511 931 3610 possidere
963 3517 1045 3607 3)
1074 3540 1435 3584 concessum
1456 3566 1473 3600 ,
1501 3514 1668 3603 quod
1695 3515 1856 3580 bello
1875 3565 1892 3600 ,
1923 3516 2045 3579 sive
2074 3516 2150 3580 de
2182 3515 2483 3601 stipendio

455 3639 548 3701 vel
583 3636 787 3724 praeda
827 3644 1134 3699 servatum
1155 3681 1172 3716 ,
1211 3631 1333 3695 sive
1364 3631 1604 3717 praemii
1644 3630 1837 3716 gratia
1859 3639 2221 3714 acceptum,
2262 3627 2485 3715 acqui-

453 3751 711 3832 sissent,
768 3749 958 3837 idque
1014 3746 1331 3832 peculium
1381 3754 1685 3807 castrense
1747 3742 2122 3828 adpellatum
2177 3738 2281 3831 4).
2341 3741 2483 3807 Post

450 3864 677 3950 peculii
718 3863 892 3950 quasi
925 3861 1242 3928 castrensis
1281 3859 1533 3923 nomine
1571 3867 1957 3921 accesserunt
1990 3855 2222 3920 artibus
2248 3855 2478 3921 libera-

448 3977 613 4043 libus
632 3978 928 4064 acquisita
953 3975 1069 4067 5),
1093 3989 1155 4042 et
1179 3974 1615 4041 Constantinus
1634 3973 1712 4038 Μ.
1733 3972 2036 4058 honorum
2060 3983 2480 4038 maternorum

451 4093 913 4162 usumfructum
972 4091 1153 4184 modo
1205 4090 1482 4179 patribus
1537 4087 1787 4176 reliquit
1834 4084 1946 4175 6);
2009 4086 2304 4175 posterius
2354 4084 2475 4158 alia
