3111 4829
1308 400 1331 483 (
1377 401 1496 464 147
1537 401 1588 483 ),

422 534 752 601 secundam
786 556 999 599 vocare
1017 558 1043 617 3.
1066 555 1208 600 raro
1231 533 1306 598 ad
1331 545 1611 620 quartam
1636 581 1654 617 ,
1687 535 1781 597 vix
1813 554 2086 620 unquam
2116 532 2193 598 ad
2224 542 2449 598 sextam

421 651 782 715 veniebatur
808 699 826 734 ,
859 671 998 736 quae
1023 698 1040 732 ,
1066 660 1136 714 ut
1164 650 1350 713 unius
1372 646 1667 713 centuriae
1699 658 1869 729 erat,
1891 647 1978 711 sic
2002 669 2199 712 unum
2230 647 2450 712 suffra-

421 764 595 850 gium
618 762 879 827 addebat
903 812 921 847 ,
950 763 1149 848 specie
1180 772 1421 826 tantum
1450 758 1708 825 civitatis
1731 758 2017 846 regendae
2036 761 2352 846 particeps.

482 947 533 1010 1)
556 949 631 997 Cs.
650 949 851 1013 Dionys.
875 948 972 1010 10,
996 947 1097 1012 52,
1120 947 1227 995 Liv.
1259 945 1352 1007 59,
1394 945 1478 1007 15.
1499 944 1626 1000 —2‚
1667 943 1744 992 cf.
1770 943 1966 992 schulz.
1985 960 2037 1009 p.
2064 942 2178 992 245.
2202 971 2260 980 -
2282 944 2334 1005 3)
2370 946 2444 992 Cf.

414 1036 519 1085 Liv.
546 1036 637 1101 10,
674 1037 757 1084 22.
782 1064 844 1073 -
863 1034 916 1093 4)
933 1035 1010 1084 Cf.
1034 1034 1143 1084 Σίν.
1172 1035 1264 1097 59,
1287 1034 1358 1083 39
1378 1071 1393 1098 ‚
1416 1034 1697 1083 Cic.'Brut.
1727 1032 1788 1083 1⁴
1805 1071 1821 1097 ,
1861 1032 2002 1081 Nieb.
2028 1048 2078 1080 v.
2123 1034 2173 1080 2.
2193 1034 2441 1096 pag.172.

414 1126 545 1181 ——5›
567 1126 641 1174 Cf.
666 1126 770 1177 Liv.
796 1126 857 1190 8,
896 1126 977 1176 15.
1001 1154 1060 1164 -
1087 1126 1239 1184 6105.
1278 1124 1503 1187 Linum,
1536 1121 1745 1180 6.-7)
1776 1123 1851 1171 Cs.
1893 1123 1998 1171 Liv.
2023 1123 2091 1184 2,
2126 1120 2219 1183 44,
2252 1123 2315 1184 0,
2339 1122 2403 1172 35
2427 1164 2443 1188 ,

415 1216 613 1280 Dionys.
636 1215 697 1280 8,
720 1216 804 1266 90.
831 1245 889 1252 —
909 1216 960 1275 8)
981 1216 1055 1264 Cf.
1077 1215 1165 1283 ΠΥ
1199 1215 1293 1277 51,
1318 1214 1380 1280 7,
1404 1214 1510 1262 Cic.
1531 1230 1628 1278 pro
1664 1214 1740 1263 D.
1769 1212 1849 1261 17.
1877 1212 2008 1272 -9)
2031 1212 2093 1260 V.
2119 1210 2313 1274 Liv.1‚
2341 1210 2404 1260 45
2426 1247 2443 1270 ,

414 1305 610 1371 Dionys.
634 1306 666 1354 4
686 1342 702 1366 ,
736 1306 823 1354 2⁰.
864 1305 1097 1354 Dubitare
1121 1306 1272 1371 possis
1296 1305 1398 1353 Liv.
1428 1303 1518 1366 10,
1545 1303 1627 1354 13..
1656 1303 1733 1351 Cf.
1756 1310 1807 1352 et
1827 1302 1891 1352 24
1911 1340 1926 1367 ,
1950 1304 2002 1352 9.
2025 1302 2094 1351 De
2115 1317 2321 1352 numero
2345 1302 2444 1367 pri·

413 1409 509 1443 ω
532 1394 699 1442 elassis
721 1393 1068 1457 suffragiorum
1092 1410 1276 1443 novum
1296 1395 1449 1442 refert
1468 1393 1645 1440 Cicero
1669 1392 1752 1442 Do
1775 1392 1905 1456 Καρ.
1926 1392 1958 1439 2
1977 1428 1992 1454 ,
2018 1391 2102 1440 22.

506 1582 655 1649 163.
702 1585 850 1650 Haec
885 1585 1073 1669 ratio,
1104 1584 1393 1648 divitibus
1423 1584 1690 1647 nimium
1725 1584 1966 1665 favens,
2004 1583 2069 1645 in
2112 1582 2304 1649 libera
2342 1586 2440 1648 ci-

409 1696 625 1780 vitate,
667 1708 767 1781 et,
815 1711 879 1763 ut
917 1697 1178 1766 Schulze
1228 1696 1291 1786 1)
1338 1699 1567 1784 aliique
1611 1696 1989 1781 conjiciunt,
2034 1692 2122 1782 2)'
2148 1697 2283 1783 lege
2320 1699 2442 1762 ΧΠ

409 1809 601 1875 Tabb.
634 1808 702 1898 3)
729 1812 813 1878 ita
838 1824 1104 1897 mutata,
1140 1824 1210 1876 ut
1238 1824 1394 1877 sorte
1419 1812 1749 1876 duceretur
1779 1811 2047 1897 primum
2079 1811 2436 1895 suffragium

406 1927 605 1992 ferens
627 1931 940 2014 centuria,
974 1952 1114 2016 quae
1136 1931 1371 1994 sortitio
1394 1930 1805 2016 praerogativae
1836 1928 2063 1993 dicitur
2095 1926 2198 2016 4);
2222 1951 2433 2015 quam,

408 2034 545 2105 vero
581 2045 827 2129 propius
860 2044 1139 2130 videtur,
1181 2046 1356 2108 initio
1384 2068 1418 2109 e
1444 2045 1641 2130 prima
1666 2043 1849 2108 modo
1892 2045 2109 2125 classe,
2140 2045 2435 2128 posterius

414 2176 485 2217 ex
514 2156 801 2219 omnibus
841 2158 1135 2220 centuriis
1166 2157 1411 2221 ductam
1452 2180 1582 2220 esse
1624 2156 1711 2243 5).
1761 2158 1864 2220 Sic
1904 2169 2109 2222 autem
2143 2180 2220 2222 ne
2258 2180 2433 2243 paene

412 2270 568 2334 nihil
612 2269 1010 2357 ,inferioribus
1045 2270 1335 2334 classibus
1387 2290 1745 2334 concessum
1793 2269 2201 2353 arbitremur,
2243 2294 2432 2357 mag-

410 2407 564 2449 num
607 2385 752 2449 facit
799 2385 1208 2471 praerogativae
1241 2384 1514 2472 suffragii
1545 2384 1970 2470 superstitione
2003 2396 2382 2450 momentum
2413 2437 2429 2468 ‚

405 2508 708 2584 quatenus
729 2496 890 2563 hanc
910 2499 1094 2585 vulgo
1126 2499 1375 2585 reliquae
1393 2499 1689 2563 centuriae
1718 2515 1930 2562 omnes
1959 2509 2066 2561 aut
2092 2499 2428 2584 pleraeque,

408 2621 703 2697 tanquam
732 2633 910 2675 omen
930 2661 946 2694 ,
980 2623 1048 2676 ut
1079 2613 1292 2679 Cicero
1326 2613 1444 2696 ait,
1481 2612 1868 2676 comitiorum
1899 2612 2308 2699 sequebantur
2335 2611 2423 2700 6).

408 2726 641 2794 Verum
685 2727 769 2791 ita
809 2750 1054 2814 quoque
1096 2728 1382 2792 manebat
1425 2729 1647 2815 iugens
1689 2729 1849 2791 inter
1893 2727 2151 2792 divitum
2193 2750 2428 2812 paupe-

407 2863 667 2927 rumque
696 2842 1001 2907 centurias
1032 2843 1333 2927 potestatis
1361 2841 1688 2906 discrimen
1707 2889 1725 2924 ,
1755 2839 1971 2923 donec,
1989 2852 2119 2926 post
2147 2842 2425 2926 impletas

406 2955 653 3039 triginta
690 2957 968 3042 quinque
999 2956 1194 3019 tribus
1234 2953 1344 3043 7),
1375 2967 1560 3041 atque
1599 2953 1749 3019 adeo
1778 2965 1936 3018 sexto
1970 2955 2136 3017 urbis
2164 2957 2380 3019 saeculo
2405 3005 2421 3037 ,

404 3077 572 3131 vetus
608 3070 891 3133 classium
925 3071 991 3133 in
1023 3070 1329 3134 centurias
1358 3069 1569 3133 divisio
1603 3080 1873 3135 mutata:
1919 3069 2080 3156 quod
2119 3071 2422 3155 quomodo

405 3184 634 3248 sactum
664 3184 777 3265 sit,
809 3185 989 3247 variis
1017 3183 1335 3248 doctorum
1363 3185 1677 3248 sententiis
1704 3183 2194 3268 conjecturisque
2228 3183 2421 3246 doce—

404 3318 579 3381 mur-3
605 3318 720 3361 nec
750 3319 970 3381 parum
1001 3296 1344 3382 discrepant
1367 3319 1565 3382 nuper
1605 3297 1924 3360 obscuram
1949 3295 2109 3359 hanc
2138 3307 2225 3377 et,
2255 3296 2418 3383 quod

401 3410 715 3492 crederes,
754 3409 1191 3496 desperandam
1239 3413 1632 3498 quaestionem
1668 3411 2037 3496 perscrutati
2058 3412 2318 3497 Savigny
2359 3422 2418 3473 ct

400 3522 763 3589 SchulzeAEx
778 3523 887 3609 huj
898 3547 965 3588 us
982 3525 1211 3588 ratione
1227 3526 1488 3589 comitiis
1503 3524 1855 3589 centuriatis
1869 3523 1946 3588 ad
1960 3524 2083 3588 suss'
2079 3548 2136 3588 ra
2143 3525 2416 3610 gaudum

397 3650 690 3704 vocantur
706 3640 963 3726 singulae
990 3640 1317 3722 centuriae,
1336 3663 1487 3725 quas
1516 3641 1643 3724 ipse
1663 3638 1815 3702 duas
1838 3662 1872 3702 e
1894 3639 2164 3724 qnalibet
2187 3641 2414 3706 XXXV

394 3753 671 3817 tribuum
700 3801 717 3835 ,
754 3753 1014 3840 ideoque
1062 3754 1316 3817 omnino
1358 3754 1521 3816 Lxx
1566 3753 1751 3834 facit,
1805 3763 2095 3815 caeterum
2143 3752 2413 3837 singulas

395 3864 464 3928 in
496 3866 771 3952 quinque
812 3868 1029 3930 classes
1069 3890 1104 3931 e
1141 3866 1368 3930 civium
1395 3916 1411 3949 ,
1450 3888 1603 3952 quos
1644 3864 1913 3948 habent,
1948 3887 2135 3928 censu
2175 3864 2408 3932 divisas.

395 3976 615 4044 Contra
659 3979 960 4067 Savignyo
1001 3975 1258 4068 singulae
1300 3981 1515 4045 classes
1559 3989 1855 4043 vocantur
1880 4028 1896 4061 ,
1949 3978 2204 4064 singulae
2246 3980 2432 4064 Lxx·

398 4092 741 4177 centurias,
777 4092 927 4162 duas
957 4095 1182 4162 scilieet
1226 4119 1260 4161 e
1290 4095 1563 4182 qualibet
1596 4095 1800 4179 tribu,
1838 4093 2234 4159 continentes.
2276 4097 2414 4177 Sic,
