3111 4829
1549 394 1806 477 (424)

1430 618 1911 665 mscmrnom.

740 775 888 855 425.
938 787 1414 873 Inscriptionum
1447 808 1519 850 ex
1551 785 1916 872 antiquitate
1945 784 2265 868 Romana,
2312 805 2582 871 quarum
2615 786 2691 853 in

650 902 920 968 aedificiis
943 954 959 987 ,
988 903 1357 990 sepulchris»,
1389 903 1507 965 aris
1531 951 1547 983 ,
1582 901 1827 983 statuis,
1854 911 1969 965 ete.
2006 899 2271 963 solennis
2304 910 2367 964 et
2389 902 2692 988 frequens

650 1038 833 1099 usus,
867 1017 1169 1103 hodieque
1202 1017 1506 1080 immensa
1534 1015 1707 1100 copia
1740 1012 2012 1104 (lapides
2037 1063 2053 1096 ,
2084 1037 2218 1078 saxa
2242 1063 2259 1097 ,
2297 1011 2692 1100 marmora),

650 1139 712 1191 et
739 1152 875 1214 pars
898 1153 1019 1194 non
1048 1130 1266 1216 exigua
1289 1179 1306 1213 ,
1329 1130 1393 1193 in
1420 1131 1617 1215 iisque
1644 1129 1905 1192 maxime
1929 1126 2391 1211 memorabiles,
2416 1149 2452 1192 a
2473 1129 2695 1191 multis

650 1244 1001 1308 auctoribus
1023 1295 1039 1328 ,
1067 1245 1228 1309 inter
1247 1267 1397 1332 quos
1420 1244 1724 1308 Gruterus
1744 1292 1760 1324 ,
1788 1242 2025 1305 Donius
2046 1290 2064 1323 ,
2085 1241 2409 1324 Muratori,
2437 1241 2688 1326 Marini,

650 1367 759 1419 aut
787 1359 1045 1444 vulgatae
1082 1368 1321 1422 tantum
1344 1407 1361 1441 ,
1409 1369 1516 1421 aut
1554 1357 1966 1440 interpretatae
2007 1354 2194 1417 etiam
2236 1353 2688 1439 inveniuntur3

651 1492 768 1534 nee
808 1491 987 1557 parva
1017 1495 1227 1538 earum
1258 1483 1347 1537 est
1376 1471 1666 1536 litteraria
1688 1520 1704 1553 ,
1738 1471 1860 1534 sive
1886 1469 2227 1533 vetustioris
2268 1469 2503 1556 linguae
2547 1470 2678 1534 sive

653 1587 790 1672 styli
820 1569 1183 1676 (lapidaris)
1210 1636 1227 1670 ,
1258 1598 1319 1651 et
1346 1587 1542 1650 multo
1575 1583 1770 1667 major
1801 1582 1877 1647 ad
1905 1582 2355 1667 rempublicam
2383 1632 2398 1666 ,
2432 1583 2694 1669 religio-

652 1720 795 1762 nem
816 1747 834 1783 ,
883 1722 1206 1786 moresque
1252 1698 1610 1763 illustranda
1663 1698 1915 1762 utilitas.
1965 1694 2060 1760 Ad
2113 1696 2693 1781 interpretationem

649 1833 790 1876 vero
835 1812 1305 1897 inscriptionum
1336 1822 1396 1875 et
1424 1812 1708 1875 criticum
1739 1830 1924 1874 usum
1963 1831 2108 1873 cum
2136 1810 2435 1873 sermonis
2477 1810 2694 1895 scrip—

649 1933 804 2004 turae
827 1915 1095 2009 cognitio
1123 1924 1477 2010 requiritur.
1506 1923 1711 2006 Hujus
1742 1920 2068 1985 difficultas
2096 1922 2318 2005 partim
2349 1922 2415 1984 in
2441 1921 2692 1986 littera-

650 2056 792 2098 rum
821 2036 1070 2122 figuris,
1096 2035 1315 2122 partim
1349 2035 1415 2098 in
1443 2015 1881 2098 vocabulorum
1906 2030 2289 2116 compendiis
2314 2030 2409 2121 (§.
2441 2035 2591 2096 422.
2615 2028 2642 2119 )
2665 2055 2690 2098 t

655 2170 795 2233 quae
827 2137 1125 2231 tenentes,
1151 2149 1216 2211 in
1247 2147 1505 2233 singulis
1536 2145 1751 2209 litteris
1778 2156 1885 2209 aut
1912 2146 2314 2231 praenomina,
2345 2146 2512 2234 quod
2542 2149 2700 2212 vul-

654 2284 799 2347 gare
818 2309 835 2344 ,
865 2271 973 2325 aut
1019 2259 1491 2346 magistratuum
1542 2257 1974 2345 honorumque
1993 2309 2010 2338 ,
2058 2268 2166 2326 aut
2210 2262 2360 2325 alias
2410 2263 2696 2331 solennia

656 2374 952 2440 voeabula
1019 2375 1435 2461 formulasque
1492 2373 1939 2461 intelligimus,
1987 2385 2094 2440 aut
2158 2375 2409 2440 omissas
2458 2376 2698 2444 litteras

655 2488 1011 2571 supplemus
1031 2534 1047 2567 ,
1071 2495 1178 2548 aut
1206 2507 1330 2549 una
1358 2485 1561 2571 figura
1585 2487 1866 2549 confusas
1894 2486 2171 2551 eruimus
2187 2535 2206 2571 ,
2229 2489 2502 2578 aliasque
2522 2489 2700 2573 ejus-

655 2598 825 2661 modi
855 2598 1136 2662 lectionis
1171 2597 1558 2664 difficultates
1601 2599 2037 2686 profligamus3
2079 2600 2423 2687 dequibus
2451 2614 2694 2669 exstant

657 2709 935 2794 plurium
963 2721 1288 2774 auctorum
1331 2710 1548 2775 libelli.
1576 2712 1702 2776 Nos
1725 2760 1743 2795 ,
1774 2723 1992 2777 eaetera
2034 2713 2385 2800 mittentes,
2426 2717 2704 2801 exempli

659 2837 840 2886 eausa
886 2844 1062 2887 voces
1103 2822 1397 2909 quasdam
1440 2834 1502 2888 et
1547 2822 1795 2908 phrases
1839 2824 2281 2890 vocabulorum
2329 2827 2519 2906 initiis
2568 2850 2703 2893 ex—

659 2956 892 3021 pressas
917 2934 1282 3019 subjicimus
1314 2933 1397 3022 1).
1424 2936 1498 2998 In
1523 2935 1782 3021 singulis
1806 2936 2116 3002 vocabulis
2136 2939 2210 3004 A.
2237 2938 2486 3007 denotat
2509 2955 2702 3021 ante,

666 3073 878 3125 armo,
911 3049 1165 3114 aheolvo
1192 3047 1289 3138 (§.
1326 3044 1523 3137 277.)
1541 3095 1567 3125 ,
1610 3048 1957 3140 Auquetue
1976 3098 2003 3128 ,
2034 3052 2111 3118 A.
2143 3052 2219 3119 A.
2258 3054 2559 3145 Auqmti
2574 3104 2601 3134 ,
2632 3071 2705 3124 et

662 3164 823 3230 inter
870 3164 1250 3250 praenomina
1283 3161 1510 3228 Aulus
1531 3210 1553 3239 ,
1586 3163 1658 3228 B.
1712 3164 1869 3229 hene
1886 3212 1913 3242 ,
1955 3165 2184 3231 heatus
2209 3214 2227 3242 ,
2271 3166 2537 3236 Balbus
2554 3217 2582 3248 ,
2616 3173 2699 3240 C.

661 3283 851 3356 civit,
882 3282 1150 3367 conjux,
1179 3279 1430 3353 cultore,
1460 3280 1782 3354 centurio,
1811 3279 2162 3344 condemno
2188 3277 2285 3371 (5.
2317 3278 2522 3371 277.),
2554 3283 2704 3350 Ca-

640 3397 770 3484 juae
790 3442 810 3470 ,
844 3397 920 3461 D.
963 3394 1237 3460 decuria
1250 3438 1277 3468 ,
1322 3391 1593 3467 domm,
1640 3391 1866 3466 dedit,
1896 3391 2144 3457 Deeim
2163 3416 2191 3470 ‚-
2241 3393 2309 3457 in
2341 3395 2706 3481 conjunctis

659 3509 736 3574 A.
772 3509 838 3574 P.
868 3506 1154 3572 aedilitia
1172 3517 1459 3593 poteetae
1470 3551 1494 3580 ,
1519 3505 1589 3571 T.
1614 3506 1685 3570 P.
1708 3504 2064 3571 ‘tribunitia
2083 3519 2371 3595 potestas
2385 3555 2407 3585 ,
2438 3509 2512 3575 A.
2538 3513 2602 3580 S.
2628 3516 2705 3583 S.

661 3649 707 3690 a
728 3626 947 3688 σαυνία
972 3624 1247 3687 σσνίηἰίσ
1273 3619 1369 3711 (v.
1393 3619 1454 3703 5.
1486 3622 1636 3685 235.
1657 3618 1717 3709 ),
1744 3621 1818 3685 D.
1852 3622 1927 3686 D.
1956 3621 2119 3686 dono
2138 3623 2321 3687 dedit
2336 3669 2362 3700 ,
2389 3626 2527 3692 AR.
2554 3629 2703 3695 DI).

663 3761 859 3801 aram
909 3736 1285 3810 dedicavit,
1341 3734 1410 3799 C.
1467 3734 1537 3800 G.
1581 3735 1643 3799 S.
1691 3746 2001 3799 curatum
2048 3741 2379 3800 commum·
2420 3750 2648 3804 sumtu
2675 3788 2702 3817 ,

665 3850 734 3914 C.
766 3852 833 3915 F.
870 3849 1029 3938 Caji
1060 3849 1248 3937 filius
1268 3896 1292 3925 ,
1331 3849 1692 3913 carie-sima
1723 3850 1997 3936 foemina
2012 3895 2036 3924 ,
2066 3849 2127 3912 S.
2157 3849 2226 3914 C.
2264 3862 2708 3918 senatuscon—

663 3965 953 4039 sultum,
990 3965 1064 4028 U.
1117 3965 1195 4028 R.
1229 3966 1329 4027 uti
1367 3986 1566 4051 roqae
1606 3960 1698 4051 (v.
1746 3957 2096 4048 §.165.),
2124 3960 2199 4025 A.
2247 3962 2314 4032 L.
2356 3964 2422 4029 F.
2468 3970 2708 4034 animo

664 4072 932 4165 (amieo)
972 4075 1196 4139 Iubam
1224 4077 1425 4162 fecie,
1460 4076 1584 4139 AN.
1617 4075 1694 4140 V.
1729 4076 1796 4139 P.
1830 4075 1910 4139 M.
1944 4096 2151 4140 annoe
2179 4061 2530 4164 vixitplus
2564 4085 2709 4145 mi-
