3111 4829
1347 421 1555 503 (37)

447 554 808 638 Saturnius,
849 579 886 621 a
913 556 1154 642 virgine
1178 555 1451 641 Tarpeja
1492 555 1788 640 Tarpejns
1824 564 2070 620 vocatur
2111 550 2201 641 2).
2243 555 2450 618 Partes

446 665 582 749 ejus
610 689 816 732 saxum
855 668 1187 753 Tarpcjum
1223 666 1533 754 (Saxum),
1561 682 1817 752 rupes‘a
1858 678 2027 753 parte
2071 667 2302 731 Tiberis
2340 664 2409 755 3)
2431 715 2458 750 ,

442 780 716 846 culmina
742 781 866 849 Arx
912 791 972 845 et
1020 782 1389 866 Capitolium
1415 828 1433 865 ,
1467 780 1872 846 Inter-montio
1914 780 2053 865 conj
2062 791 2280 863 uncta,
2321 789 2454 865 post

442 892 620 957 Arcis
662 895 913 969 nomine
958 895 1399 981 comprehensa
1435 894 1524 983 4).
1757 963 1768 971 ,

531 1006 753 1071 Coelius
778 1007 853 1072 ad
888 1007 1211 1084 Orientem
1240 1008 1502 1072 maxime
1538 1008 1847 1090 Palatino,
1880 1029 1916 1071 a
1950 1004 2115 1099 Coele
2144 1005 2450 1088 Vibenna,

439 1118 689 1187 Etrusco
716 1124 823 1208 5),
855 1122 970 1188 sub
1001 1122 1246 1187 Tiberio
1273 1118 1588 1207 Augustus
1635 1143 1880 1207 quoque
1925 1119 2123 1184 dictus
2147 1116 2238 1205 6).
2271 1119 2453 1183 Nunc

442 1253 477 1295 a
518 1235 739 1319 templo
774 1233 903 1297 divi
934 1235 1215 1301 Laterani
1249 1245 1309 1298 et
1346 1234 1548 1320 gentis
1568 1244 1817 1299 vetustte
1841 1232 2091 1296 nomine
2117 1230 2453 1297 Lateranus

442 1355 686 1410 vocatur
736 1345 846 1433 7).
886 1349 941 1413 A
1006 1349 1192 1415 Coelio
1238 1347 1639 1432 distinguitur
1685 1347 2010 1428 Coeliolus,
2052 1344 2277 1413 Coelius
2316 1342 2452 1406 mi—

440 1478 553 1520 nor
594 1457 686 1543 8).
1971 1472 1976 1477 ’

507 1641 559 1706 1)
593 1641 668 1692 Cs.
692 1644 846 1692 Varro
867 1646 927 1693 de
949 1644 1010 1694 L.
1044 1645 1105 1695 L.
1128 1643 1177 1694 4.
1199 1662 1250 1710 p.
1274 1645 1337 1694 15
1354 1682 1370 1710 ‚
1403 1646 1596 1694 Arnob.
1616 1647 1731 1694 adv.
1756 1646 1902 1694 Geni.
1920 1645 1960 1693 l.
1984 1642 2057 1709 Β.)
2077 1642 2200 1709 -2)
2218 1644 2281 1693 V.
2298 1643 2447 1707 Prop.

421 1729 469 1776 l.
498 1730 548 1778 4.
571 1731 696 1795 eleg.
720 1733 791 1797 4.,
810 1733 917 1783 Lfv.
942 1734 965 1784 1
991 1772 1006 1797 ‚
1031 1735 1110 1784 11.
1130 1763 1191 1772 ·—
1208 1734 1279 1800 ὅ)
1305 1734 1380 1783 Cf.
1400 1733 1532 1783 Plut.
1555 1735 1706 1784 Rom.
1735 1734 1816 1783 17.
1835 1762 1897 1771 --
1914 1733 1983 1799 ⁴)
2006 1734 2081 1782 Cf.
2104 1733 2274 1782 Creuz.
2297 1730 2342 1799 §.
2366 1730 2449 1781 19.

440 1846 501 1855 —
522 1819 576 1883 5)
601 1821 679 1869 Cf.
701 1822 854 1871 Varro
873 1822 1050 1887 p.,14.‚
1068 1824 1185 1873 Tac.
1205 1826 1346 1873 Anu.
1368 1823 1418 1887 4,
1437 1823 1521 1873 64.
1541 1852 1603 1861 —-
1620 1824 1673 1888 6)
1692 1825 1755 1872 V.
1772 1824 1891 1872 Tac.
1913 1824 1984 1872 ib.
2005 1829 2056 1872 et.
2070 1823 2203 1872 Suet.
2228 1822 2348 1873 Tib.
2365 1820 2450 1871 ⁴8.

438 1910 570 1973 —7)
608 1911 681 1960 cf.
707 1912 866 1961 Juven
897 1914 1008 1963 Sat.
1035 1914 1130 1977 1⁰,
1171 1913 1252 1962 17.
1273 1913 1403 1978 -8)
1450 1913 1523 1961 Cf.
1553 1913 1696 1960 mart.
1723 1911 1817 1973 12,
1843 1911 1923 1961 18.
1956 1912 2025 1961 De
2062 1917 2281 1976 tempore
2301 1946 2316 1974 ,
2349 1925 2452 1973 quo

437 1998 616 2047 Coelius
635 2001 749 2050 urbi
771 2001 964 2051 additus
981 2039 998 2065 ‚
1022 2002 1152 2066 apud
1175 2003 1468 2052 Crem-erum
1485 1999 1532 2070 §.
1555 2002 1640 2050 20.
1663 2002 1773 2049 haec
1791 2000 2077 2065 opinionum
2097 2002 2333 2049 varietas:
2357 2015 2453 2063 per

434 2090 716 2143 Romulum
752 2089 981 2154 (Dionys.
1001 2091 1052 2138 2.
1084 2107 1134 2154 p.
1159 2090 1287 2155 113)
1309 2126 1325 2153 ,
1357 2107 1457 2154 per
1483 2090 1700 2140 Tullum
1734 2091 2015 2139 Hostilium
2048 2089 2184 2156 (Liv.
2220 2091 2278 2152 1,
2311 2090 2411 2153 50)
2433 2126 2451 2154 ,

427 2182 749 2243 per-Ancum
772 2180 1028 2229 Martium
1061 2180 1263 2243 (Strabo
1281 2181 1332 2230 5.
1351 2197 1403 2244 p.
1423 2180 1519 2229 558
1539 2216 1554 2244 ,
1574 2180 1775 2244 p.162;
1805 2181 1910 2228 Cic.
1930 2182 1991 2229 do
2006 2180 2226 2244 Republ.
2243 2180 2275 2228 2
2289 2178 2452 2245 ,18¹.)‚

435 2269 517 2317 vel
534 2271 659 2318 adeo
690 2284 783 2331 per
808 2268 1156 2331 Tarquinium
1187 2269 1423 2318 Priscum
1450 2269 1524 2331 (T
1527 2284 1606 2318 ac.
1628 2270 1770 2317 Arm.
1793 2267 1825 2317 4
1843 2304 1858 2332 ,
1893 2267 1977 2317 64.
2002 2268 2118 2332 65.)
2152 2269 2279 2316 Hinc
2311 2267 2453 2325 colli-

434 2372 607 2422 gamus
637 2356 699 2403 de
731 2355 934 2419 reliquis
970 2356 1220 2407 montibus
1234 2392 1250 2420 ,
1274 2356 1561 2407 omninode
1583 2354 1709 2405 urbe
1739 2361 1970 2411 nascente
1986 2390 2003 2418 ,
2037 2345 2418 2422 reputemusque
2435 2392 2452 2420 ,

436 2462 589 2510 quam
620 2445 828 2493 arduum
852 2446 904 2493 in
925 2445 1299 2509 antiquitatibus
1315 2482 1331 2509 ,
1372 2445 1422 2494 id
1448 2446 1576 2494 scire
1609 2445 1733 2493 velle
1750 2481 1768 2508 ‚
1802 2444 1936 2509 quod
1967 2449 2020 2494 et
2037 2444 2154 2493 sciri
2185 2449 2370 2510 quent,
2402 2452 2454 2497 et

434 2534 730 2599 cognitionis
747 2534 915 2584 labore
934 2550 1036 2582 non
1056 2535 1120 2583 sit
1144 2534 1415 2597 indignum.

529 2729 634 2789 43.
663 2721 1037 2788 Aventinum
1065 2772 1082 2807 ‚
1122 2725 1285 2788 inter
1324 2723 1588 2788 Coelium
1614 2770 1631 2806 ,
1657 2723 1928 2788 Tiberim
1966 2724 2403 2790 etPalatinum
2430 2774 2450 2811 ,

438 2838 650 2902 Ancus
696 2838 946 2906 Martius
997 2837 1247 2902 devictis
1290 2836 1521 2901 Latinis
1563 2838 1929 2902 concessisse
1972 2839 2186 2903 fertur.
2230 2838 2453 2902 Primis

439 2952 654 3016 Romae
696 2951 1045 3035 moenibus,
1083 2974 1162 3017 an
1221 2950 1337 3015 sub
1395 2951 1653 3017 Claudio
1703 2951 1956 3017 demum
2000 2953 2294 3038 pomoerio
2338 2953 2453 3016 in-
2497 3013 2500 3020 t

439 3065 678 3146 clusus,
727 3045 909 3128 etiam
961 3086 1132 3129 nnnc
1182 3067 1402 3151 quaerit
1438 3066 1708 3131 'Crcuzer
1759 3065 1847 3154 l).
1929 3066 2263 3152 Antiquius
2319 3064 2455 3148 ejus

440 3198 664 3240 nomen
687 3178 954 3241 Mul-cius
979 3200 1013 3241 a
1052 3178 1279 3262 templo
1309 3180 1559 3244 Murciae
1585 3179 1676 3265 2).
1717 3179 2100 3245 Aventinum
2126 3178 2216 3241 ab·
2235 3176 2448 3241 Aven-

443 3288 1030 3371 tino‚-Albanorum
1074 3311 1219 3375 rege
1245 3337 1262 3369 ‚
1308 3291 1386 3354 ab
1443 3292 1657 3358 avibus
1682 3341 1699 3374 ‚
1744 3292 1825 3357 ab
1875 3292 2109 3357 Avente
2154 3292 2452 3368 flumine,

443 3404 696 3490 aliisque
735 3390 1109 3488 adpellatum
1166 3406 1409 3467 voluere
1456 3401 1568 3490 δ’).
1611 3405 1668 3467 A
1731 3397 1966 3493 templo
2011 3406 2226 3470 Dianae
2282 3408 2453 3470 collis

439 3518 654 3582 Dianae
689 3515 891 3580 dictus
928 3513 1014 3602 4).
1056 3515 1132 3577 In
1195 3517 1607 3582 memorandis
1650 3516 1950 3583 Aventini
1988 3530 2239 3583 antrum
2275 3517 2450 3602 Caci,

441 3642 502 3694 et
532 3653 635 3695 ara
674 3628 960 3695 Evandri.

527 3742 879 3830 Esquilinus
908 3741 1099 3829 (Exq.
1125 3765 1142 3823 3
1171 3741 1500 3830 Esquiliae)
1545 3744 1799 3808 collium
1844 3745 2064 3814 Romae
2106 3743 2445 3840 maximuS,

438 3856 598 3921 inter
632 3855 897 3921 coelium
926 3903 943 3936 ‚
972 3855 1347 3921 viminalem
1387 3867 1447 3920 et
1482 3856 1781 3920 Palatium
1808 3904 1824 3936 ,
1872 3856 1951 3920 ab
1990 3855 2243 3921 Oriente
2286 3880 2448 3924 moev

442 3969 545 4034 nia
582 3969 929 4052 attingens,
966 3988 1003 4031 a
1048 3967 1253 4033 Servio
1293 3969 1532 4050 Tullio,
1573 3978 1658 4054 ut¹
1685 3969 1936 4054 volunt,
1977 3970 2115 4040 urbi
2149 3968 2443 4052 adjectus,

441 4081 691 4152 Dictum
716 4081 783 4145 in
806 4079 939 4145 aliis
962 4080 1195 4150 faciunt
1217 4083 1296 4155 ab
1320 4083 1589 4151 excubiis
1612 4083 1864 4154 Romuli
1887 4132 1905 4168 ,
1925 4107 1959 4150 a
1981 4083 2324 4175 quisquiliis
2345 4081 2448 4172 5),
