3111 4829
1291 446 1632 494 ummo.
2328 436 2333 441 ’
2378 448 2512 491 xvrr

494 565 910 635 testimonium
956 587 1317 654 cognoscere
1352 565 1667 631 interdum
1696 565 1788 627 vel
1829 561 1972 627 ideo
2011 583 2208 649 operae
2243 565 2505 650 pretium

490 677 598 759 sit,
637 680 927 764 quoniam
959 658 1088 745 fere
1128 682 1287 745 solus
1327 690 1574 767 superat
1613 680 1775 743 inter
1801 677 2015 743 eodem
2046 679 2113 741 in
2148 690 2510 766 argumento

492 803 763 858 versatos.
835 797 924 859 De
991 797 1430 861 recentioribus
1489 817 1637 861 vero
1657 843 1675 877 ,
1733 794 2077 858 universam
2132 792 2513 879 disciplinam

487 907 824 992 complexos
866 910 932 972 in
986 909 1444 976 introductione
1500 912 1733 997 aliquot
1779 907 2226 992 indicavimu83
2271 920 2514 974 caeteros

483 1040 675 1105 quum
709 1022 772 1084 in
798 1023 926 1108 ipso
954 1046 1138 1109 opere
1162 1026 1285 1088 suis
1309 1025 1579 1109 adjicere
1609 1024 1886 1111 partibus
1920 1025 2309 1110 coepissemus
2329 1072 2346 1107 ,
2369 1045 2515 1086 mu-

484 1144 609 1197 tato
637 1137 887 1202 consilio
914 1187 931 1221 ‚
957 1140 1139 1204 satius
1182 1140 1380 1206 visum
1427 1140 1728 1225 peculiari
1760 1162 1861 1205 eos
1897 1138 2103 1233 indice
2123 1133 2220 1227 (⁴²)
2244 1138 2521 1222 conjun-

486 1267 631 1332 gere
654 1296 672 1331 ,
702 1270 905 1337 neque
945 1249 1060 1318 hoc
1092 1264 1216 1319 tam
1247 1253 1422 1337 ideo,
1455 1252 1625 1341 quod
1649 1254 1955 1319 consultos
1981 1274 2083 1319 eos
2110 1251 2187 1317 ab
2210 1249 2517 1317 auditori—

484 1358 607 1423 bus
636 1363 856 1451 nostris
881 1365 1296 1451 cupierimus,
1323 1367 1445 1432 nisi
1479 1367 1527 1430 si
1547 1367 1654 1453 qui
1682 1367 1942 1431 scribere
1961 1364 2038 1430 de
2058 1363 2518 1452 antiquitatibus

490 1474 793 1540 Romanis
835 1479 1143 1565 cogitent,
1188 1503 1378 1566 quam
1412 1481 1858 1563 existimantes»,
1887 1503 2013 1546 non
2037 1502 2275 1567 prorsus
2300 1480 2518 1545 inutile

494 1610 620 1654 esse
665 1614 700 1655 e
759 1591 955 1656 titulis
1006 1594 1318 1659 nonnullis
1364 1596 1849 1684 antiquariorum
1895 1595 2208 1661 industriae
2229 1616 2520 1680 campum

491 1722 875 1788 cognoscere.
909 1705 1144 1774 Verum
1173 1756 1189 1790 ,
1222 1709 1506 1774 confecto
1548 1709 1790 1791 libello,
1815 1708 2127 1774 noluimus
2152 1730 2256 1795 spe
2277 1707 2520 1794 longius

486 1814 855 1901 productum
895 1833 1067 1906 parte
1100 1821 1434 1887 minimum
1476 1822 1810 1888 necessaria
1848 1821 2097 1909 insuper
2121 1843 2413 1889 crescere.
2439 1822 2520 1885 At

489 1950 699 1995 rerum
750 1944 810 1996 et
858 1932 1184 1999 verborum
1230 1934 1502 2002 indicem
1562 1957 1636 2001 eo
1685 1936 2081 2023 copiosiorem
2130 1935 2509 2018 addidimus,

492 2039 661 2107 haud
689 2042 876 2110 dubie
896 2048 1207 2132 opusculi,
1229 2050 1279 2112 si
1300 2071 1487 2136 quam
1506 2071 1648 2114 vere
1667 2048 1880 2134 habet,
1900 2052 2224 2116 utilitatem
2245 2050 2517 2133 aucturi;

501 2178 639 2243 quae
689 2158 942 2246 quidem
1022 2161 1543 2244 adolescentibus»,
1583 2163 1801 2226 nostris
1861 2164 2226 2229 lectionibus
2272 2187 2522 2250 operam

497 2269 766 2355 daturis,
800 2284 873 2338 ut
899 2296 1123 2360 magna
1159 2274 1270 2356 sit,
1317 2275 1558 2365 sicque,
1605 2295 1730 2339 non
1778 2273 2079 2341 tumidam
2122 2277 2477 2363 sapientiam
2494 2270 2519 2362 ⁴,

499 2382 606 2447 sed
631 2383 757 2449 veri
778 2384 1101 2452 nobiscum
1124 2385 1398 2453 studium
1422 2385 1906 2475 modestiamque
1925 2399 2195 2457 amantes
2215 2439 2233 2476 ,
2251 2391 2518 2478 faveant,

499 2496 773 2580 ipsorum
797 2497 1181 2583 potissimum
1220 2500 1411 2587 gratia
1433 2498 1826 2565 vehementer
1863 2514 2160 2590 optamus.

588 2608 832 2694 Leodii,
873 2633 1084 2677 mense
1109 2613 1355 2697 Martio,
1408 2636 1462 2679 a.
1501 2614 1906 2683 Mucccxx.

500 2770 666 2820 dicere
683 2768 981 2820 debuinem.
1007 2772 1125 2836 Qum
1141 2789 1244 2822 non
1266 2790 1465 2840 prorsus
1491 2775 1654 2825 alieno
1682 2776 1797 2826 loco
1818 2777 1903 2827 hic
1930 2784 2177 2846 respicere
2199 2783 2322 2832 mihi
2347 2785 2517 2844 videor

496 2860 551 2907 in
568 2860 836 2926 scriptore,
855 2877 1006 2925 quem
1034 2862 1086 2910 in
1116 2863 1211 2913 hoc
1229 2863 1359 2914 libro
1398 2865 1660 2930 saepissime
1697 2872 1874 2916 testem
1897 2869 2076 2934 citavi,
2100 2873 2341 2937 cujusque
2359 2876 2513 2924 inter-

497 2949 758 3012 pretationi
794 2951 1116 3000 memoratam
1151 2951 1299 3002 modo
1335 2954 1591 3020 epistolam
1630 2955 1822 3020 dicavi,
1855 2957 2144 3023 ampliorem
2176 2960 2282 3010 aliis
2315 2978 2515 3027 operam

496 3040 782 3106 relinquens
796 3079 812 3106 ,
839 3042 1041 3106 qualem
1062 3057 1126 3093 an
1148 3050 1323 3094 nactus
1346 3046 1545 3096 interim
1566 3046 1661 3112 sit,
1684 3048 1882 3112 ignoro.

568 3155 632 3218 (³)
655 3156 799 3205 Hunc
822 3194 837 3218 ‚
865 3156 1099 3205 secunda
1140 3158 1244 3221 jam
1266 3159 1471 3208 editioni
1506 3161 1754 3227 adjectum
1780 3200 1796 3226 ,
1842 3163 1895 3211 in
1929 3164 2073 3212 tertia
2095 3201 2111 3226 ‚
2133 3165 2261 3213 sicut
2301 3165 2513 3219 indicem

504 3259 697 3308 quoque
727 3262 894 3295 rerum
940 3251 991 3294 et
1030 3247 1325 3311 verborum,
1362 3250 1510 3311 paulo
1553 3252 1825 3301 auctiorem
1861 3249 2102 3300 dedimus.
