3111 4829
1627 405 1652 489 (
1696 401 1773 467 16
1813 405 1838 486 )

712 539 998 626 Aureus,
1041 537 1452 628 promontoria
1494 536 1838 605 Marianum
1866 549 1930 603 et
1956 560 2198 606 sacrum
2228 536 2256 631 (
2270 562 2433 631 capo
2459 541 2687 632 Cor-eo)
2706 591 2725 628 ,

709 657 895 721 urbes
931 656 1190 723 Mantini
1213 705 1231 742 ,
1263 656 1529 721 Mariana
1552 701 1574 737 ‚
1615 653 1842 719 Aleria.
1874 654 2045 721 Infra
2074 654 2379 723 Corsicam
2409 656 2685 723 Sardinia
2709 707 2728 741 ,

704 771 812 836 cui
830 770 1053 836 fluvius
1072 769 1338 858 Thyn-sus
1354 817 1372 851 ,
1389 765 1572 832 urbes
1594 766 1829 834 Cornus
1852 815 1871 852 ,
1896 768 2125 834 Caralis
2151 769 2178 859 (
2196 769 2509 861 Caqls'ari
2521 770 2546 860 )
2568 820 2585 856 ‚
2606 771 2725 837 Ol-

700 885 824 951 bia.
851 887 899 950 E
918 885 1113 972 parvis
1128 883 1311 948 inferi
1332 882 1518 947 maris
1538 880 1755 946 insulis
1768 883 2031 948 Etruriae
2047 882 2288 969 adjacet
2309 886 2433 952 Ilva
2455 885 2548 969 (E
2552 887 2688 969 tha)
2706 937 2725 969 ‚

698 1010 762 1065 ct
790 1021 976 1086 prope
1014 998 1176 1063 hanc
1219 997 1492 1063 Planasia
1522 995 1864 1085 (Pian'oea
1886 999 1910 1081 )
1933 1042 1955 1079 ,
2000 997 2352 1083 Campaniae
2383 999 2629 1085 Capreae
2665 1012 2727 1068 et

696 1113 946 1178 AEnaria
976 1134 1030 1177 ν.
1055 1109 1417 1196 Pithecusa;
1449 1111 1808 1176 remotiores
1835 1110 2051 1176 Pontia
2078 1122 2140 1176 et
2161 1110 2541 1178 Pandataria.

787 1228 891 1291 17.
940 1226 1016 1289 ln
1037 1225 1394 1313 regionibus
1415 1225 1502 1291 cis
1525 1225 1890 1290 Danubium
1911 1273 1928 1309 ‚
1959 1226 2074 1290 sub
2095 1226 2374 1313 Augusto
2395 1228 2723 1294 maximam

690 1351 925 1427 partem
966 1342 1235 1427 Imperio
1272 1342 1557 1418 Romano
1589 1341 1846 1427 adjectis
1869 1390 1888 1424 ,
1927 1341 2395 1428 distinguuntur
2435 1341 2683 1408 Rhaetia
2705 1389 2725 1423 ,

687 1452 1032 1521 Vindelicia
1054 1500 1073 1536 ,
1107 1452 1393 1520 Noricum
1417 1502 1435 1533 ,
1463 1455 1780 1521 Pannonia
1799 1504 1818 1538 ,
1848 1453 2211 1543 Illyricum3
2254 1457 2541 1520 nonnulli
2564 1457 2722 1521 Μω-

682 1568 840 1634 siam
863 1589 1118 1659 quoque
1152 1565 1280 1632 hue
1307 1566 1584 1634 trahunt.
1611 1566 1856 1635 Rhaetia
1880 1617 1898 1653 ,
1932 1593 2120 1657 supra
2143 1569 2410 1636 Galliam
2436 1581 2720 1657 transpa-

684 1682 910 1749 danam
933 1730 952 1767 ,
994 1680 1291 1746 Helvetiis
1328 1680 1407 1746 ab
1458 1680 1714 1748 Oriente
1743 1732 1761 1769 ,
1809 1695 1935 1750 tota
1991 1686 2122 1750 fere
2172 1696 2449 1751 montosa
2503 1683 2723 1774 (Alpes

544 1876 557 1883 -
678 1797 1023 1886 rhaeticae);
1067 1795 1330 1862 flumina
1385 1793 1685 1881 Rhenus,
1733 1797 1933 1862 AEnus
1972 1795 2238 1876 (OEnus
2261 1846 2278 1881 ,
2316 1797 2560 1886 Inmx,
2601 1797 2724 1863 Ti—

680 1914 862 1978 cinus
877 1960 895 1997 ,
924 1907 1165 1975 Athesis
1178 1933 1197 1994 ;
1222 1910 1392 1974 lacus
1413 1908 1665 1996 attingit
1687 1908 2048 1976 Verbanum
2069 1922 2131 1975 et
2148 1911 2398 1976 Larium
2429 1909 2519 1995 (§.
2548 1912 2680 1996 12.)
2692 1934 2715 1993 ς

678 2025 906 2113 oppida
949 2021 1291 2093 Veldidena
1332 2022 1649 2111 (Wilten)
1670 2067 1696 2097 ,
1743 2022 1895 2086 AEni
1937 2024 2099 2088 Pons
2143 2022 2590 2110 (Inqoruck.)
2636 2024 2667 2086 1
2694 2028 2719 2112 )

675 2140 900 2206 Terioli
930 2136 1139 2221 (unde
1176 2134 1406 2224 Tirol)
1424 2182 1450 2212 ,
1480 2134 1704 2220 Curia,
1740 2134 2111 2202 Tridentum
2134 2183 2153 2220 ,
2179 2136 2515 2203 Belunum.
2544 2137 2722 2206 vin-

675 2253 899 2319 delicia
919 2300 939 2336 ,
986 2252 1151 2315 inter
1196 2247 1557 2316 Danubium
1580 2297 1599 2332 ,
1644 2247 1884 2313 AEnum
1907 2297 1925 2331 ,
1968 2248 2224 2314 Rhaetos
2267 2262 2330 2315 et
2370 2250 2679 2315 Helvetios
2698 2309 2717 2344 ‚

666 2378 962 2455 praeterea
988 2364 1252 2431 flumina
1278 2362 1469 2431 habet
1501 2354 1728 2428 Licum‘
1750 2372 1774 2456 (
1794 2361 2052 2448 Lichus,
2087 2362 2302 2450 Laeli)
2332 2374 2394 2429 et
2428 2365 2713 2452 Isargum

663 2478 951 2569 (Isere);
977 2477 1201 2566 oppida
1240 2478 1520 2565 Augusta
1554 2478 2027 2547 vindelicorum
2053 2479 2492 2569 (Auqeburq)
2512 2526 2541 2556 ,
2562 2478 2710 2544 Bri·
2803 2565 2808 2570 ,

664 2594 948 2683 gantium
970 2590 1088 2680 (ad
1121 2592 1327 2657 lacum
1345 2591 1724 2674 Acronium‚
1756 2593 1864 2656 lae
1903 2592 1982 2656 ds
2027 2591 2456 2676 constance),
2482 2594 2710 2661 Batava

654 2719 851 2775 castra
877 2704 1222 2789 (Panare)
1240 2750 1268 2782 ,
1290 2703 1539 2791 Regina
1562 2703 1810 2793 Castra(
1831 2703 2152 2788 Reginum
2171 2753 2190 2787 ,
2211 2701 2632 2795 Reyeneburq
2646 2710 2671 2791 )
2686 2779 2708 2814 ,

653 2824 908 2892 Isinisca
959 2819 1413 2910 (Mamaeum
1459 2814 1756 2883 Noricum
1781 2865 1799 2901 ,
1842 2840 1880 2882 a
1920 2817 2208 2882 Danubio
2246 2816 2326 2883 ad
2354 2819 2539 2906 Alpes
2570 2821 2701 2886 No-

650 2939 811 3004 ricas
834 2950 897 3003 et
922 2938 1186 3019 Savum3
1209 2935 1372 3000 inter
1392 2944 1615 3001 caetera
1643 2932 1912 3022 flumina
1933 2931 2165 2999 Anisus
2193 2931 2452 3018 (Em),
2481 2936 2696 3004 Murus

648 3064 717 3120 et
748 3054 1023 3136 Dravus3
1050 3049 1236 3115 urbes
1259 3046 1643 3134 Bojodurum
1687 3045 2077 3136 (Inmtade)
2094 3097 2112 3131 ,
2157 3049 2372 3116 Lentia
2399 3053 2641 3138 (Linz)
2664 3100 2690 3129 ,

651 3170 690 3234 J
696 3168 905 3234 uvavia
947 3165 1315 3252 (Salzburq
1336 3168 1359 3248 )
1377 3209 1401 3239 ,
1430 3162 1746 3231 Virunum
1769 3167 1794 3255 (
1817 3159 1891 3231 V
1887 3160 2192 3226 olkmark
2211 3169 2253 3246 ).
2303 3163 2637 3228 Pannonia}
2670 3215 2689 3248 ,

651 3283 880 3348 Savum
923 3279 1085 3344 inter
1128 3289 1190 3342 et
1230 3275 1596 3342 Danubium
1621 3324 1640 3359 ,
1686 3276 1753 3339 in
1797 3276 2051 3364 reliquis
2095 3276 2296 3342 fluviis
2345 3279 2576 3344 Arrabo
2622 3293 2689 3344 et

651 3398 920 3480 Dravus,
944 3396 1013 3460 in
1040 3392 1355 3459 montibus
1385 3391 1595 3457 Cetius
1615 3439 1633 3475 ,
1660 3392 1727 3456 in
1749 3392 1990 3479 populis
2018 3391 2351 3476 Scordisci,
2381 3394 2681 3462 Taurisci.

652 3511 960 3579 Dividitur
981 3510 1050 3575 in
1072 3509 1449 3598 superiorem
1472 3558 1489 3592 ,
1523 3508 1631 3574 ubi
1657 3506 2023 3576 Vindobona
2046 3511 2158 3594 (W
2155 3511 2286 3587 ian)
2306 3550 2330 3580 ‚
2359 3506 2677 3574 Arrabona

652 3625 971 3712 (Raab),
1014 3625 1263 3691 Sabaria
1282 3673 1301 3709 ,
1345 3623 1541 3711 Aquae
1584 3619 1896 3713 (Badera)
1914 3669 1935 3701 ,
1980 3621 2355 3705 Nauportum
2379 3668 2396 3702 ,
2419 3616 2442 3699 (
2465 3617 2675 3684 Ober-

648 3742 995 3825 Laubach)
1012 3788 1037 3818 ‚
1067 3752 1128 3806 et
1148 3739 1505 3806 inferiorem
1528 3786 1547 3823 ,
1573 3738 1685 3804 ubi
1704 3737 1983 3824 Bregetio
2003 3783 2022 3818 ,
2056 3734 2360 3799 Acincum
2382 3730 2622 3820 (Bada
2644 3787 2670 3814 ,

532 3837 537 3844 ’
654 3849 861 3942 Ofen)
878 3899 903 3929 ‚
948 3855 1244 3920 Sirmium
1265 3903 1284 3938 ,
1314 3854 1517 3918 Mursa
1562 3850 1871 3942 (Euek).
1913 3848 2228 3935 Illyricum
2249 3897 2267 3934 ,
2292 3849 2440 3915 alias
2460 3853 2669 3936 plures

645 3969 807 4033 inter
854 3968 1211 4033 Danubium
1237 3980 1299 4033 et
1333 3941 1589 4033 Adriam
1629 3967 1939 4053 regiones,
1963 3963 2219 4029 arctiore
2258 3964 2456 4031 limite
2488 3989 2660 4034 oram

708 4105 771 4173 1)
803 4106 867 4157 V.
889 4104 1067 4155 Cellar.
1090 4104 1272 4167 Gooqr.
1294 4105 1420 4157 ΑΜ.
1440 4105 1479 4154 l.
1499 4103 1551 4154 Ξ.
1575 4119 1623 4154 c.
1646 4102 1698 4155 7.
1720 4100 1765 4171 §.
1787 4099 1869 4153 44.
