3111 4829
1491 371 1745 457 (470)

619 518 716 568 pro
730 504 833 552 vica
854 510 1114 568 royanleo,
1137 506 1317 553 sortis-⁸⁰
1333 504 1411 554 vol
1422 505 1611 553 micare
1635 510 1655 562 (
1675 503 1747 554 ol.
1762 484 2008 554 dimicare
2023 501 2271 568 >jesum
2289 540 2307 570 ‚
2330 509 2395 554 ut
2410 504 2686 553 alterutri

625 594 991 643 concederetur.
1018 593 1118 657 15)
1141 593 1216 643 Gs.
1240 594 1385 643 Grut.
1406 592 1675 674 Inscripta
1691 608 1744 659 p.
1765 592 1882 644 647.
1901 605 1961 643 11⁰
1980 594 2032 645 6.

1268 754 1581 800 comm
1604 783 1620 818 ,
1668 745 1992 800 orvonm.
2080 779 2083 782 ι

714 873 864 940 476.
911 873 961 938 Ε
1009 874 1146 938 vitae
1188 872 1534 939 domesticae
1588 875 1911 960 institutis,
1962 874 2144 960 cujus
2184 874 2445 962 insignis
2496 857 2671 958 diu,

625 988 864 1075 legibus
903 989 1088 1053 etiam
1134 1010 1279 1053 cum
1308 987 1386 1055 de
1416 988 1610 1074 patria
1643 999 1703 1054 et
1726 990 1929 1054 mariti
1962 977 2282 1074 potestate,
2324 977 2459 1053 tum
2484 989 2671 1070 aliis,

628 1083 922 1167 custodita
953 1101 1262 1185 severitas,
1292 1099 1396 1167 hic
1416 1102 1857 1189 conjungimus
1888 1102 2200 1167 connubia
2221 1111 2284 1167 et
2311 1095 2668 1166 liberorum

629 1215 1097 1281 institutionem.

718 1329 754 1392 J
760 1339 961 1393 ustum
1027 1329 1490 1394 matrimonium
1517 1378 1535 1416 ‚
1598 1331 1702 1396 cui
1751 1331 2079 1417 opponitur
2131 1330 2613 1397 contubernium
2645 1380 2666 1412 ,

631 1443 709 1508 de
733 1464 901 1508 more
926 1444 1172 1508 nonnisi
1196 1445 1358 1509 inter
1384 1446 1545 1511 cives
1573 1446 1918 1528 Romanos,
1944 1455 2004 1509 et
2031 1445 2375 1532 antiquitus
2396 1468 2475 1509 ne
2497 1445 2669 1508 inter

631 1555 914 1642 patricios
961 1554 1214 1643 quidem
1243 1567 1304 1620 et
1334 1557 1641 1642 plebej08‚
1671 1579 1779 1640 ac,
1829 1556 2173 1622 secundum
2205 1556 2534 1644 quosdam,
2578 1579 2673 1620 ne

634 1669 796 1734 iuter
824 1668 1083 1733 diversas
1105 1668 1356 1756 quidem
1395 1681 1606 1757 gentes
1646 1672 2009 1757 permissum
2054 1670 2321 1735 diximus
2360 1667 2470 1761 (§.
2500 1667 2669 1758 82.)

637 1782 734 1847 Ad
771 1782 1072 1866 ejusmodi
1102 1784 1564 1848 matrimonium
1605 1785 1942 1850 necessaria
1975 1785 2244 1849 solennis
2269 1784 2509 1870 sponsio
2534 1783 2671 1847 sive

634 1895 786 1960 fides
804 1936 894 1946 —
916 1895 992 1959 ad
1021 1919 1207 1983 quam
1237 1895 1432 1961 arrhae
1456 1896 1763 1989 (arrhabo
1787 1946 1803 1979 ,
1833 1895 2071 1979 cippaessee'v
2093 1945 2110 1973 ‚
2149 1894 2424 1984 pignus)
2458 1900 2669 1981 spon—

635 2012 796 2076 saliae
821 2009 886 2101 1)
910 2034 1190 2100 quoque,
1217 2022 1278 2077 et
1298 2012 1567 2077 annulus
1588 2011 1906 2097 pronubus
1940 2010 2007 2098 2)
2050 2005 2350 2076 trahenda
2385 2010 2673 2073 -inter

636 2147 924 2212 sponsum
962 2137 1021 2190 et
1054 2149 1332 2212 sponsam
1376 2148 1712 2208 consensu,
1744 2125 1810 2188 iu
1842 2147 2109 2212 quorum
2133 2136 2308 2189 erant
2333 2134 2625 2210 potestate
2652 2172 2674 2207 ‚

603 2321 606 2326 .
635 2261 966 2327 coramque
1022 2241 1415 2327 propinquis,
1487 2238 1646 2305 data.
1697 2237 1797 2303 Ad
1839 2260 2022 2302 usum
2078 2239 2315 2324 linguae
2355 2236 2624 2324 spondeo
2651 2286 2672 2321 ,

637 2353 849 2418 σπένδω
874 2403 891 2438 ,
939 2376 1228 2441 sponsus,
1285 2375 1601 2441 sponsare,
1672 2374 1898 2440 sponsu
1951 2351 2256 2440 adligare,
2322 2352 2615 2441 sponsalia
2644 2400 2664 2436 ,

639 2467 915 2552 efficere,
949 2467 1345 2553 contrahere,
1378 2476 1631 2556 parare,
1659 2466 1970 2556 praebere,
2010 2466 2456 2556 sponsaliorum
2501 2467 2629 2532 dies
2649 2517 2671 2552 ,

637 2603 847 2665 coeua,
876 2593 992 2647 etc.

705 2717 757 2772 1>
792 2717 867 2765 cr.
898 2717 1063 2767 mut.
1094 2718 1221 2768 Ma.
1260 2719 1345 2769 ct.
1373 2716 1434 2781 ⁴,
1472 2717 1812 2783 1,11,Pmt.
1851 2716 1906 2766 in
1938 2716 2275 2781 Panaima,
2311 2717 2347 2767 2
2380 2717 2493 2779 3852
2522 2717 2581 2766 0.
2602 2715 2673 2765 J.

638 2806 703 2872 5,
727 2805 751 2855 1
777 2842 793 2869 ,
818 2805 1040 2870 5,et5‚
1064 2807 1131 2871 2,
1158 2808 1355 2873 1.-2›
1380 2808 1562 2856 Juven.
1595 2806 1648 2871 6,
1679 2806 1779 2870 25,
1819 2806 2132 2857 conantem
2164 2813 2337 2855 men
2373 2812 2423 2854 et
2448 2811 2673 2869 merum

638 2902 690 2946 et
704 2897 968 2961 epomalazz
981 2905 1170 2948 ¹nom-a
1203 2898 1523 2963 Tempestate
1545 2912 1711 2962 pom
1728 2931 1747 2962 ,
1764 2895 1983 2961 fonsque
1999 2912 2038 2946 ο
2056 2898 2255 2946 tonsol*
2277 2897 2518 2960 moqistro
2537 2893 2677 2943 Poe-'⁷

640 2990 790 3054 totio,
810 2995 861 3038 ot
879 2989 1038 3054 diqn’to
1053 2992 1252 3055 piqm'u
1265 2990 1485 3055 forman
1505 2988 1712 3039 dod-’om

736 3131 887 3195 477.
938 3116 1247 3197 Connubii
1299 3131 1414 3197 tria
1467 3153 1696 3219 genera
1726 3128 2118 3216 distinguunt
2134 3176 2159 3211 ‚-
2199 3128 2273 3193 u't
2324 3108 2449 3193 ritu
2476 3176 2494 3212 ,
2545 3126 2630 3193 sic
2652 3174 2677 3208 ,

645 3245 821 3309 initio
844 3255 1043 3331 certe,
1063 3246 1224 3330 juris
1255 3267 1503 3332 quoque
1535 3245 1773 3310 ratione
1804 3242 2070 3325 diversa,
2097 3242 2677 3326 confarreationem,

645 3380 829 3424 usum
852 3370 912 3423 et
942 3359 1351 3423 coemtionem
1380 3354 1463 3447 1).
1487 3358 1577 3422 Ex
1598 3355 1696 3421 his
1722 3357 2170 3422 sanctissimum
2197 3406 2215 3440 ,
2244 3356 2674 3439 confarreatio,

646 3496 855 3538 coram
888 3471 1101 3537 decem
1139 3471 1428 3556 testibus,
1457 3472 1754 3536 Pontifice
1795 3470 2057 3536 Maximo
2099 3481 2161 3535 et
2201 3456 2482 3536 Flamin'e
2510 3470 2681 3535 Diali

649 3587 735 3679 (§.
761 3584 941 3674 324.)
967 3586 1343 3669 sacrificante
1365 3586 1569 3652 fiebat.
1602 3588 1638 3652 J
1645 3585 1919 3673 ungendi
1942 3584 2144 3676 (quasi
2171 3579 2679 3674 confarreandi)

647 3700 849 3765 libum
871 3724 905 3765 e
929 3701 1128 3784 farre,
1157 3702 1279 3765 sale
1310 3712 1372 3766 et
1389 3723 1545 3788 aqua
1567 3699 1715 3791 (far,
1745 3698 1876 3783 ζίιι,
1907 3698 2083 3787 panis
2104 3749 2121 3783 ,
2142 3699 2343 3763 libum
2373 3693 2686 3784 farreum)

654 3815 975 3900 gustabant
997 3811 1136 3906 (?);
1160 3815 1472 3903 reliquum
1500 3838 1645 3881 cum
1668 3839 1776 3880 ove
1797 3814 1911 3879 diis
1931 3813 2364 3880 immolabatur
2396 3810 2487 3899 2).
2511 3811 2682 3874 Nova

655 3937 845 4011 nupta
865 3965 954 3975 —
983 3940 1052 3992 ut
1071 3928 1173 3993 hic
1194 3930 1475 3995 universe
1493 3929 1849 3995 adferantur
1867 3978 1885 4014 ,
1925 3928 2093 3994 unde
2131 3925 2282 4014 quid
2311 3923 2389 3989 atl
2411 3945 2595 3988 usum
2618 3933 2685 3987 et

657 4039 1098 4129 coemtionem(
1109 4039 1359 4131 §.480.)
1382 4043 1754 4112 trahendum
1765 4045 1977 4129 sit,aut
2001 4063 2150 4126 non,
2163 4040 2301 4107 aliis
2321 4037 2686 4122 scrupulose
