3111 4829
1516 384 1730 467 (62)

610 517 837 603 quibus
861 516 1043 603 civis,
1088 527 1163 583 ut'
1198 518 1346 585 civis
1367 568 1385 603 ‚
1428 539 1584 603 non,
1613 517 1843 606 quibus
1878 518 2165 606 privam,
2204 518 2371 585 velut
2397 520 2587 607 patris
2611 571 2632 607 ,

610 630 848 714 mariti,
891 631 1166 717 domini,
1212 633 1578 699 conditionis
1622 633 1856 698 ratione
1897 631 2125 721 gaudet
2158 630 2288 723 2);
2323 632 2490 699 unde
2528 656 2640 699 ae·-
2681 720 2691 731 “

607 747 840 833 quitur,
860 746 938 811 ad
960 748 1188 834 privata
1207 769 1490 834 quaenam
1512 747 1635 811 sint
1653 745 1969 812 trahenda.
1998 746 2271 827 Civitatis
2285 747 2432 832 jura
2446 748 2638 814 modo
2696 796 2702 800 -

604 858 844 944 omnia,
876 864 1102 949 optima
1141 862 1383 927 civitate
1418 862 1856 948 comprehensa
1894 860 1994 951 (ς.
2040 858 2227 949 65.),
2271 860 2456 927 modo
2495 884 2638 948 pars

608 1000 822 1043 eorum
839 979 999 1063 juris
1020 978 1359 1062 Quiritium
1383 990 1443 1043 et
1461 979 1749 1063 civitam,
1774 977 1868 1043 vel
1883 977 2044 1063 juris
2067 976 2355 1061 civitatiS,
2376 978 2638 1042 nomine

604 1117 641 1158 a
669 1092 972 1158 veteribus
1005 1091 1304 1177 adpellata
1341 1093 1753 1180 reperiuntur.
1801 1093 1964 1157 Hinc
2002 1090 2416 1157 recentiorum
2449 1103 2638 1157 oeter-

605 1227 758 1270 num
780 1253 799 1289 ‚
822 1216 972 1292 puto
994 1254 1012 1289 ‚
1044 1205 1336 1273 duratura
1360 1206 1671 1274 dissensio.
1696 1205 1965 1287 Quidam
1987 1216 2060 1270 ut
2080 1206 2402 1293 Sigonius,
2426 1207 2636 1291 Span-
2689 1280 2697 1289 ι

606 1320 850 1384 hemius
870 1369 887 1404 ‚
910 1319 1364 1410 Schultingius,
1388 1323 1785 1407 Heineccius7
1808 1321 1919 1387 ubi
1941 1343 2066 1387 non
2088 1322 2164 1386 sit
2185 1321 2365 1408 plena
2386 1321 2596 1385 civitas
2613 1370 2634 1405 ,

604 1432 861 1499 civitatis
906 1435 1202 1500 vocabulo
1239 1436 1486 1523 publica
1528 1435 1702 1522 jura,
1733 1436 1831 1501 vel
1872 1437 2000 1502 sola
2031 1435 2125 1501 'vel
2151 1435 2413 1500 maiime
2438 1483 2456 1518 ,
2484 1434 2630 1519 jure

603 1546 944 1627 Quiritium
984 1560 1192 1615 autem
1232 1550 1461 1636 privata
1500 1550 1834 1637 significari
1859 1551 2092 1616 volunt.
2125 1550 2282 1615 Aliis
2313 1549 2420 1636 jus
2459 1548 2631 1630 Qui-

602 1661 817 1727 ritium
845 1683 1168 1750 nunqnam
1186 1686 1312 1729 non
1340 1674 1432 1727 est
1450 1664 1634 1750 plena
1653 1664 1864 1729 civitas
1883 1711 1901 1749 ‚
1929 1664 2157 1751 quibus
2175 1663 2330 1729 adeo
2350 1663 2468 1729 hoc
2481 1663 2636 1750 jure

572 1794 577 1797 ’
602 1769 848 1860 donati,
870 1777 992 1839 sive
1015 1786 1193 1840 antea
1216 1776 1385 1841 nulla
1403 1825 1420 1859 ,
1441 1777 1565 1841 sive
1585 1773 1866 1863 quaedam
1881 1775 2026 1861 jura
2047 1776 2342 1842 habentes
2357 1827 2374 1861 ,
2397 1779 2630 1863 optima

600 1891 739 1976 lege
763 1890 922 1956 cives
953 1889 1132 1955 fiunt.
1157 1889 1294 1955 Non
1321 1889 1438 1955 erit
1464 1890 1695 1977 igitur,
1737 1913 1852 1955 cur
1892 1892 2230 1974 miremur,
2272 1902 2381 1956 aut
2420 1892 2624 1957 Creu—

600 2026 810 2068 oerum
833 2052 853 2087 ‚
893 2009 954 2093 ς.
1001 2006 1152 2070 203.
1177 2052 1198 2088 ,
1240 2004 1483 2070 insertis
1525 2003 1832 2090 primariis
1875 2014 2152 2069 veterum
2193 2004 2346 2070 loeis
2372 2052 2390 2087 ‚
2444 2004 2621 2070 Suet.

608 2117 844 2184 Claud.
876 2123 977 2184 19.
1018 2115 1129 2206 3),
1171 2119 1308 2205 Ulp.
1337 2118 1680 2208 Fraymm.
1706 2120 1821 2184 111.
1846 2120 1908 2204 ς.
1943 2123 2005 2184 2.
2035 2116 2331 2206 4),P1in.
2360 2118 2496 2207 Ep.
2532 2121 2625 2203 X,

605 2238 642 2299 4
670 2243 730 2298 et
756 2230 818 2298 6.
847 2229 916 2321 5)
935 2282 952 2316 ,
980 2233 1415 2321 quaestionibus
1439 2242 1679 2298 tantum
1702 2232 1956 2299 lectores
1977 2232 2228 2317 docere,
2256 2244 2363 2300 aut
2382 2282 2399 2317 ‚
2436 2232 2633 2319 ipsius

600 2344 887 2432 Savignyi
926 2343 1200 2409 doctrina
1234 2342 1311 2433 6)
1357 2322 1407 2408 si
1450 2340 1597 2429 cui',
1635 2366 1923 2431 omnem,
1958 2343 2037 2411 de
2073 2366 2194 2435 qua
2217 2342 2322 2411 hic
2346 2355 2407 2410 et
2426 2348 2488 2435 ς.
2515 2348 2628 2412 66.

598 2459 803 2543 agitur
826 2506 843 2540 ,
876 2457 1296 2523 difficultatem
1334 2461 1581 2544 penitus
1624 2460 1760 2544 jam
1819 2460 2120 2525 sublatam
2150 2479 2317 2545 esse,
2364 2471 2636 2546 nequeat

599 2570 982 2658 persuadere.
1007 2571 1262 2636 Publica
1278 2571 1420 2656 jura
1442 2567 1577 2636 aliis
1598 2573 1775 2656 plura
1798 2622 1816 2657 ,
1852 2573 1988 2636 aliis
2020 2574 2306 2658 pauciora
2324 2622 2340 2655 ,
2373 2582 2433 2636 et
2454 2592 2634 2658 quae-

519 2668 523 2672 ’
598 2683 741 2748 dam
763 2684 896 2748 aliis
918 2684 1164 2768 publiea
1184 2732 1201 2766 ‚
1223 2683 1357 2747 aliis
1377 2685 1607 2770 privata
1635 2693 1799 2749 sunt.
1824 2686 2030 2770 Atque
2064 2693 2137 2748 eo
2159 2679 2356 2766 magis
2378 2705 2488 2768 par
2508 2684 2634 2750 fuit

596 2797 679 2862 ita
718 2795 1035 2881 accidere,
1073 2797 1367 2883 quoniam
1391 2797 1601 2861 necin
1635 2798 1923 2861 omnibus
1960 2797 2219 2883 perinde
2256 2787 2491 2883 liquet,
2514 2818 2631 2862 cur

591 2911 736 2997 jura
778 2908 998 2976 idonee
1037 2920 1369 2993 vocentur,
1406 2920 1468 2975 et
1507 2907 1806 2975 nonnulla
1829 2960 1846 2994 ‚
1891 2920 2058 2976 certe
2083 2909 2189 2996 jus
2220 2917 2530 2975 sadrorum
2568 2921 2632 2975 et

598 3028 896 3095 connubii
917 3080 935 3115 ,
964 3047 1036 3095 ex
1059 3030 1161 3114 iis,
1185 3049 1324 3116 quae
1347 3047 1529 3115 supra
1558 3027 1636 3093 de
1671 3026 1787 3094 hac
1809 3026 2103 3093 divisione
2131 3015 2427 3113 diximus,
2461 3028 2629 3093 haud

596 3139 861 3210 absurde
890 3151 1061 3231 parte
1096 3141 1174 3208 ad
1211 3144 1438 3230 privata
1459 3193 1477 3228 ,
1519 3153 1692 3229 parte
1734 3140 1811 3207 ad
1854 3141 2099 3229 publica
2130 3144 2397 3210 traxeris,
2431 3144 2635 3207 (ζείο-

599 3281 741 3324 rum
764 3308 782 3343 ‚
823 3280 903 3322 ne
945 3257 1261 3323 subtiliore
1284 3306 1302 3341 ‚
1339 3273 1525 3346 quam
1554 3269 1800 3322 necesse
1826 3268 1914 3322 es't
1935 3307 1953 3342 ‚
1987 3256 2377 3325 distinctione
2411 3257 2627 3344 impli-

598 3395 849 3456 cemur,
881 3369 959 3436 acl
991 3372 1237 3459 publiea
1266 3363 1610 3437 libertatem
1632 3420 1650 3455 ‚
1681 3391 1936 3437 censum
1962 3420 1981 3457 ‚
2022 3373 2309 3439 militiam
2335 3419 2354 3456 ,
2395 3371 2625 3437 tributa

598 3497 661 3551 et
682 3465 1032 3574 vectigalia,
1077 3485 1398 3574 suffragia,
1431 3460 1701 3551 'honores
1722 3537 1740 3570 ,
1780 3503 1981 3571 sacra,
2017 3484 2097 3552 ad
2121 3487 2348 3574 privata
2373 3482 2632 3568 gentili-
2659 3573 2664 3578 ,

576 3587 787 3665 ¹tatem
808 3649 826 3684 ,
869 3601 1300 3688 agnationem,
1339 3599 1758 3684 connubium,
1802 3601 2063 3688 patriam
2095 3603 2420 3686 potetatem
2446 3643 2463 3677 ,
2501 3592 2631 3659 do-

600 3714 869 3782 minium
902 3715 1290 3805 legitimum,
1332 3726 1689 3781 testamenta
1713 3764 1731 3799 ,
1767 3711 2171 3779 hereditatem
2195 3758 2215 3795 ‚
2258 3719 2320 3774 et
2368 3708 2628 3773 tutelam

602 3828 948 3896 referimus,

668 3963 731 4031 1)
753 3964 830 4014 Cf.
853 3965 1023 4016 Creuz.
1047 3983 1102 4032 p.
1121 3967 1238 4018 2⁴⁰.
1259 3996 1316 4007 -
1337 3967 1405 4034 Ξ)
1430 3968 1536 4017 Cle.
1560 3967 1688 4032 Aqr.
1720 3965 1781 4028 2,
1809 3964 1900 4030 19,
1931 3963 2162 4014 Raima
2189 3966 2340 4014 ohtam
2356 3966 2633 4028 pomatio-

604 4073 720 4107 nem
734 4057 912 4120 qratioe
925 4089 943 4120 ‚
962 4056 1204 4106 ubertatis
1223 4093 1241 4122 ‚
1260 4059 1628 4122 suffragiorum
1644 4090 1663 4120 ‚
1681 4056 1945 4118 diqnieotia
1961 4085 1979 4116 ,
2004 4053 2148 4102 urbia
2157 4088 2180 4119 2
2194 4052 2330 4118 sori,
2355 4053 2594 4102 ludorum
2613 4088 2633 4118 ‚

598 4146 841 4209 fiscorum
883 4147 1081 4194 dierum
1098 4181 1115 4208 ‚
1156 4154 1446 4196 caece-orum
1484 4149 1711 4195 omnium
1749 4145 2142 4194 commodorum.
2178 4144 2254 4193 Cf.
2291 4133 2459 4193 Bonus.
2499 4139 2629 4205 Bep.
