<?xml version="1.0" encoding="UTF-8"?>
<!DOCTYPE html PUBLIC "-//W3C//DTD XHTML 1.0 Transitional//EN"
    "http://www.w3.org/TR/xhtml1/DTD/xhtml1-transitional.dtd">
<html xmlns="http://www.w3.org/1999/xhtml" xml:lang="en" lang="en">
 <head>
  <title>
</title>
<meta http-equiv="Content-Type" content="text/html;charset=utf-8" />
  <meta name='ocr-system' content='tesseract 3.04.00' />
  <meta name='ocr-capabilities' content='ocr_page ocr_carea ocr_par ocr_line ocrx_word'/>
</head>
<body>
  <div class='ocr_page' id='page_1' title='image "./antiquitatesrom00dirkgoog_0117.png"; bbox 0 0 3111 4829; ppageno 0'>
   <div class='ocr_carea' id='block_1_1' title="bbox 678 412 2727 2001">
    <p class='ocr_par' dir='ltr' id='par_1_1' title="bbox 1577 412 1786 493">
     <span class='ocr_line' id='line_1_1' title="bbox 1577 412 1786 493; baseline -0.005 0"><span class='ocrx_word' id='word_1_1' title='bbox 1577 414 1600 493; x_wconf 94' lang='lat'><strong>(</strong></span> <span class='ocrx_word' id='word_1_2' title='bbox 1644 413 1724 474; x_wconf 79' lang='lat'><strong>84</strong></span> <span class='ocrx_word' id='word_1_3' title='bbox 1762 412 1786 492; x_wconf 91' lang='lat'><em>)</em></span> 
     </span>
    </p>

    <p class='ocr_par' dir='ltr' id='par_1_2' title="bbox 678 541 2727 2001">
     <span class='ocr_line' id='line_1_2' title="bbox 681 541 2705 632; baseline -0.001 -21"><span class='ocrx_word' id='word_1_4' title='bbox 681 564 1073 627; x_wconf 86' lang='lat' dir='ltr'><strong>concessum,</strong></span> <span class='ocrx_word' id='word_1_5' title='bbox 1121 566 1157 608; x_wconf 91' lang='lat' dir='ltr'><strong>e</strong></span> <span class='ocrx_word' id='word_1_6' title='bbox 1200 543 1411 609; x_wconf 86' lang='lat' dir='ltr'><strong>multis</strong></span> <span class='ocrx_word' id='word_1_7' title='bbox 1448 541 1582 609; x_wconf 78' lang='lat' dir='ltr'><strong>haec</strong></span> <span class='ocrx_word' id='word_1_8' title='bbox 1623 555 1924 609; x_wconf 88' lang='lat' dir='ltr'><strong>notamus.</strong></span> <span class='ocrx_word' id='word_1_9' title='bbox 1968 544 2312 632; x_wconf 65' lang='lat' dir='ltr'><strong>Adoptare,</strong></span> <span class='ocrx_word' id='word_1_10' title='bbox 2359 542 2478 607; x_wconf 88' lang='lat' dir='ltr'><strong>nisi</strong></span> <span class='ocrx_word' id='word_1_11' title='bbox 2517 554 2705 609; x_wconf 88' lang='lat' dir='ltr'><strong>testa-</strong></span> 
     </span>
     <span class='ocr_line' id='line_1_3' title="bbox 679 657 2706 745; baseline 0 -24"><span class='ocrx_word' id='word_1_12' title='bbox 679 668 926 741; x_wconf 88' lang='lat' dir='ltr'><strong>mento,</strong></span> <span class='ocrx_word' id='word_1_13' title='bbox 965 680 1090 722; x_wconf 90' lang='lat' dir='ltr'><strong>non</strong></span> <span class='ocrx_word' id='word_1_14' title='bbox 1133 668 1411 744; x_wconf 86' lang='lat' dir='ltr'><strong>poterant</strong></span> <span class='ocrx_word' id='word_1_15' title='bbox 1438 657 1747 742; x_wconf 82' lang='lat' dir='ltr'><strong>soeminae3</strong></span> <span class='ocrx_word' id='word_1_16' title='bbox 1789 659 2019 745; x_wconf 79' lang='lat' dir='ltr'><strong>quippe</strong></span> <span class='ocrx_word' id='word_1_17' title='bbox 2057 681 2139 724; x_wconf 90' lang='lat' dir='ltr'><strong>ne</strong></span> <span class='ocrx_word' id='word_1_18' title='bbox 2173 681 2312 724; x_wconf 90' lang='lat' dir='ltr'><strong>suos</strong></span> <span class='ocrx_word' id='word_1_19' title='bbox 2340 657 2595 745; x_wconf 91' lang='lat' dir='ltr'><strong>quidem</strong></span> <span class='ocrx_word' id='word_1_20' title='bbox 2622 658 2706 722; x_wconf 92' lang='lat' dir='ltr'><strong>li-</strong></span> 
     </span>
     <span class='ocr_line' id='line_1_4' title="bbox 678 769 2711 857; baseline -0 -22"><span class='ocrx_word' id='word_1_21' title='bbox 678 770 857 836; x_wconf 87' lang='lat' dir='ltr'><strong>beros</strong></span> <span class='ocrx_word' id='word_1_22' title='bbox 890 771 959 834; x_wconf 90' lang='lat' dir='ltr'><strong>in</strong></span> <span class='ocrx_word' id='word_1_23' title='bbox 989 782 1277 857; x_wconf 79' lang='lat' dir='ltr'><strong>potestate</strong></span> <span class='ocrx_word' id='word_1_24' title='bbox 1298 770 1614 836; x_wconf 79' lang='lat' dir='ltr'><strong>habentes·</strong></span> <span class='ocrx_word' id='word_1_25' title='bbox 1635 770 1734 837; x_wconf 77' lang='lat' dir='ltr'><strong>,De</strong></span> <span class='ocrx_word' id='word_1_26' title='bbox 1768 771 1877 854; x_wconf 90' lang='lat' dir='ltr'><strong>iis,</strong></span> <span class='ocrx_word' id='word_1_27' title='bbox 1906 771 2016 857; x_wconf 90' lang='lat' dir='ltr'><strong>qui</strong></span> <span class='ocrx_word' id='word_1_28' title='bbox 2051 783 2160 837; x_wconf 89' lang='lat' dir='ltr'><strong>aut</strong></span> <span class='ocrx_word' id='word_1_29' title='bbox 2191 769 2424 837; x_wconf 90' lang='lat' dir='ltr'><strong>habent</strong></span> <span class='ocrx_word' id='word_1_30' title='bbox 2446 771 2670 835; x_wconf 87' lang='lat' dir='ltr'><strong>liberos</strong></span> <span class='ocrx_word' id='word_1_31' title='bbox 2691 817 2711 853; x_wconf 89' lang='lat'><strong>,</strong></span> 
     </span>
     <span class='ocr_line' id='line_1_5' title="bbox 681 868 2713 973; baseline 0.001 -25"><span class='ocrx_word' id='word_1_32' title='bbox 681 894 789 948; x_wconf 88' lang='lat' dir='ltr'><strong>aut</strong></span> <span class='ocrx_word' id='word_1_33' title='bbox 815 907 1133 970; x_wconf 84' lang='lat' dir='ltr'><strong>procreare</strong></span> <span class='ocrx_word' id='word_1_34' title='bbox 1156 885 1357 961; x_wconf 61' lang='lat' dir='ltr'><strong>‚etiam</strong></span> <span class='ocrx_word' id='word_1_35' title='bbox 1392 886 1659 971; x_wconf 81' lang='lat' dir='ltr'>possint,</span> <span class='ocrx_word' id='word_1_36' title='bbox 1700 886 1912 951; x_wconf 83' lang='lat' dir='ltr'><strong>confer</strong></span> <span class='ocrx_word' id='word_1_37' title='bbox 1955 884 2230 950; x_wconf 90' lang='lat' dir='ltr'><strong>Gellium</strong></span> <span class='ocrx_word' id='word_1_38' title='bbox 2276 882 2387 973; x_wconf 87' lang='lat'><strong>1·);</strong></span> <span class='ocrx_word' id='word_1_39' title='bbox 2429 868 2713 950; x_wconf 81' lang='lat' dir='ltr'><strong>Heinec—</strong></span> 
     </span>
     <span class='ocr_line' id='line_1_6' title="bbox 680 980 2714 1085; baseline 0 -22"><span class='ocrx_word' id='word_1_40' title='bbox 680 998 813 1063; x_wconf 89' lang='lat' dir='ltr'><strong>cius</strong></span> <span class='ocrx_word' id='word_1_41' title='bbox 845 994 926 1085; x_wconf 89' lang='lat'><strong>2)</strong></span> <span class='ocrx_word' id='word_1_42' title='bbox 956 997 1249 1063; x_wconf 87' lang='lat' dir='ltr'><strong>hahentes</strong></span> <span class='ocrx_word' id='word_1_43' title='bbox 1273 1020 1400 1064; x_wconf 87' lang='lat' dir='ltr'><strong>non</strong></span> <span class='ocrx_word' id='word_1_44' title='bbox 1427 1000 1696 1065; x_wconf 82' lang='lat' dir='ltr'><strong>exclusos</strong></span> <span class='ocrx_word' id='word_1_45' title='bbox 1721 980 1939 1084; x_wconf 83' lang='lat' dir='ltr'><strong>fuisse,</strong></span> <span class='ocrx_word' id='word_1_46' title='bbox 1966 999 2069 1065; x_wconf 87' lang='lat' dir='ltr'><strong>sed</strong></span> <span class='ocrx_word' id='word_1_47' title='bbox 2093 1023 2221 1065; x_wconf 89' lang='lat' dir='ltr'><strong>non</strong></span> <span class='ocrx_word' id='word_1_48' title='bbox 2245 1012 2477 1066; x_wconf 85' lang='lat' dir='ltr'><strong>temere</strong></span> <span class='ocrx_word' id='word_1_49' title='bbox 2508 999 2714 1085; x_wconf 80' lang='lat' dir='ltr'><strong>adop-</strong></span> 
     </span>
     <span class='ocr_line' id='line_1_7' title="bbox 680 1110 2717 1202; baseline -0.001 -23"><span class='ocrx_word' id='word_1_50' title='bbox 680 1110 853 1179; x_wconf 86' lang='lat' dir='ltr'><strong>tandi</strong></span> <span class='ocrx_word' id='word_1_51' title='bbox 880 1113 1124 1177; x_wconf 81' lang='lat' dir='ltr'><strong>veniam</strong></span> <span class='ocrx_word' id='word_1_52' title='bbox 1152 1114 1510 1199; x_wconf 70' lang='lat' dir='ltr'><strong>impetrasse</strong></span> <span class='ocrx_word' id='word_1_53' title='bbox 1532 1163 1549 1197; x_wconf 89' lang='lat'><strong>,</strong></span> <span class='ocrx_word' id='word_1_54' title='bbox 1581 1114 1907 1201; x_wconf 88' lang='lat' dir='ltr'><strong>idemque,</strong></span> <span class='ocrx_word' id='word_1_55' title='bbox 1940 1116 2248 1202; x_wconf 80' lang='lat' dir='ltr'><strong>sexaginta</strong></span> <span class='ocrx_word' id='word_1_56' title='bbox 2281 1115 2461 1179; x_wconf 83' lang='lat' dir='ltr'><strong>annis</strong></span> <span class='ocrx_word' id='word_1_57' title='bbox 2485 1113 2717 1178; x_wconf 86' lang='lat' dir='ltr'><strong>minori</strong></span> 
     </span>
     <span class='ocr_line' id='line_1_8' title="bbox 687 1226 2719 1317; baseline 0.001 -28"><span class='ocrx_word' id='word_1_58' title='bbox 687 1247 972 1310; x_wconf 84' lang='lat' dir='ltr'><strong>arrogare</strong></span> <span class='ocrx_word' id='word_1_59' title='bbox 993 1247 1121 1289; x_wconf 89' lang='lat' dir='ltr'><strong>non</strong></span> <span class='ocrx_word' id='word_1_60' title='bbox 1142 1226 1387 1291; x_wconf 87' lang='lat' dir='ltr'><strong>licuisse</strong></span> <span class='ocrx_word' id='word_1_61' title='bbox 1402 1277 1419 1311; x_wconf 93' lang='lat'><strong>,</strong></span> <span class='ocrx_word' id='word_1_62' title='bbox 1442 1239 1654 1297; x_wconf 87' lang='lat' dir='ltr'><strong>monet</strong></span> <span class='ocrx_word' id='word_1_63' title='bbox 1675 1226 1777 1317; x_wconf 83' lang='lat'><strong>3);</strong></span> <span class='ocrx_word' id='word_1_64' title='bbox 1803 1227 2174 1314; x_wconf 79' lang='lat' dir='ltr'><strong>spadonibus</strong></span> <span class='ocrx_word' id='word_1_65' title='bbox 2191 1229 2467 1311; x_wconf 85' lang='lat' dir='ltr'><strong>licuisse,</strong></span> <span class='ocrx_word' id='word_1_66' title='bbox 2493 1227 2719 1292; x_wconf 86' lang='lat' dir='ltr'><strong>diserte</strong></span> 
     </span>
     <span class='ocr_line' id='line_1_9' title="bbox 681 1337 2718 1429; baseline 0.001 -28"><span class='ocrx_word' id='word_1_67' title='bbox 681 1346 939 1402; x_wconf 87' lang='lat' dir='ltr'><strong>testatur</strong></span> <span class='ocrx_word' id='word_1_68' title='bbox 967 1338 1153 1423; x_wconf 85' lang='lat' dir='ltr'><strong>Cajus</strong></span> <span class='ocrx_word' id='word_1_69' title='bbox 1184 1337 1284 1428; x_wconf 86' lang='lat'><strong>4):</strong></span> <span class='ocrx_word' id='word_1_70' title='bbox 1318 1340 1484 1406; x_wconf 87' lang='lat' dir='ltr'><strong>idem</strong></span> <span class='ocrx_word' id='word_1_71' title='bbox 1511 1338 1626 1429; x_wconf 87' lang='lat'><strong>5),</strong></span> <span class='ocrx_word' id='word_1_72' title='bbox 1664 1344 1991 1429; x_wconf 85' lang='lat' dir='ltr'><strong>quaesitum</strong></span> <span class='ocrx_word' id='word_1_73' title='bbox 2015 1366 2179 1427; x_wconf 90' lang='lat' dir='ltr'><strong>esse,</strong></span> <span class='ocrx_word' id='word_1_74' title='bbox 2208 1366 2286 1408; x_wconf 90' lang='lat' dir='ltr'><strong>an</strong></span> <span class='ocrx_word' id='word_1_75' title='bbox 2316 1341 2542 1413; x_wconf 85' lang='lat' dir='ltr'><strong>minori</strong></span> <span class='ocrx_word' id='word_1_76' title='bbox 2566 1349 2718 1404; x_wconf 90' lang='lat' dir='ltr'><strong>natu</strong></span> 
     </span>
     <span class='ocr_line' id='line_1_10' title="bbox 686 1451 2719 1543; baseline 0.002 -30"><span class='ocrx_word' id='word_1_77' title='bbox 686 1451 1009 1535; x_wconf 87' lang='lat' dir='ltr'><strong>majorem.</strong></span> <span class='ocrx_word' id='word_1_78' title='bbox 1034 1453 1111 1517; x_wconf 91' lang='lat' dir='ltr'><strong>In</strong></span> <span class='ocrx_word' id='word_1_79' title='bbox 1133 1453 1239 1537; x_wconf 90' lang='lat' dir='ltr'><strong>iis,</strong></span> <span class='ocrx_word' id='word_1_80' title='bbox 1260 1454 1370 1542; x_wconf 90' lang='lat' dir='ltr'><strong>qui</strong></span> <span class='ocrx_word' id='word_1_81' title='bbox 1391 1457 1662 1543; x_wconf 88' lang='lat' dir='ltr'><strong>arrogari</strong></span> <span class='ocrx_word' id='word_1_82' title='bbox 1687 1479 1811 1523; x_wconf 86' lang='lat' dir='ltr'><strong>non</strong></span> <span class='ocrx_word' id='word_1_83' title='bbox 1836 1458 2065 1543; x_wconf 86' lang='lat' dir='ltr'><strong>possint</strong></span> <span class='ocrx_word' id='word_1_84' title='bbox 2081 1506 2099 1542; x_wconf 89' lang='lat'><strong>,</strong></span> <span class='ocrx_word' id='word_1_85' title='bbox 2124 1456 2345 1543; x_wconf 84' lang='lat' dir='ltr'><strong>pupilli</strong></span> <span class='ocrx_word' id='word_1_86' title='bbox 2363 1504 2381 1538; x_wconf 93' lang='lat'><strong>,</strong></span> <span class='ocrx_word' id='word_1_87' title='bbox 2411 1453 2682 1521; x_wconf 83' lang='lat' dir='ltr'><strong>foeminae</strong></span> <span class='ocrx_word' id='word_1_88' title='bbox 2700 1500 2719 1537; x_wconf 90' lang='lat'><strong>,</strong></span> 
     </span>
     <span class='ocr_line' id='line_1_11' title="bbox 686 1567 2727 1655; baseline 0.004 -26"><span class='ocrx_word' id='word_1_89' title='bbox 686 1576 745 1629; x_wconf 89' lang='lat' dir='ltr'><strong>et</strong></span> <span class='ocrx_word' id='word_1_90' title='bbox 769 1614 786 1650; x_wconf 93' lang='lat'><strong>,</strong></span> <span class='ocrx_word' id='word_1_91' title='bbox 810 1567 1052 1654; x_wconf 69' lang='lat' dir='ltr'><strong>‚quibus</strong></span> <span class='ocrx_word' id='word_1_92' title='bbox 1080 1592 1199 1635; x_wconf 89' lang='lat' dir='ltr'><strong>nec</strong></span> <span class='ocrx_word' id='word_1_93' title='bbox 1229 1592 1517 1655; x_wconf 86' lang='lat' dir='ltr'><strong>arrogare</strong></span> <span class='ocrx_word' id='word_1_94' title='bbox 1558 1569 1807 1654; x_wconf 86' lang='lat' dir='ltr'><strong>datum,</strong></span> <span class='ocrx_word' id='word_1_95' title='bbox 1835 1572 1994 1635; x_wconf 90' lang='lat' dir='ltr'><strong>muti</strong></span> <span class='ocrx_word' id='word_1_96' title='bbox 2040 1582 2100 1635; x_wconf 90' lang='lat' dir='ltr'><strong>et</strong></span> <span class='ocrx_word' id='word_1_97' title='bbox 2135 1568 2727 1655; x_wconf 57' lang='lat' dir='ltr'><strong>surdi.,1mpuheres</strong></span> 
     </span>
     <span class='ocr_line' id='line_1_12' title="bbox 686 1682 2723 1772; baseline 0.001 -26"><span class='ocrx_word' id='word_1_98' title='bbox 686 1682 1018 1770; x_wconf 90' lang='lat' dir='ltr'><strong>aliquando</strong></span> <span class='ocrx_word' id='word_1_99' title='bbox 1074 1707 1241 1767; x_wconf 87' lang='lat' dir='ltr'><strong>non,</strong></span> <span class='ocrx_word' id='word_1_100' title='bbox 1295 1695 1430 1771; x_wconf 86' lang='lat' dir='ltr'><strong>post</strong></span> <span class='ocrx_word' id='word_1_101' title='bbox 1474 1685 1591 1755; x_wconf 88' lang='lat' dir='ltr'><strong>sub</strong></span> <span class='ocrx_word' id='word_1_102' title='bbox 1636 1687 1818 1753; x_wconf 87' lang='lat' dir='ltr'><strong>certis</strong></span> <span class='ocrx_word' id='word_1_103' title='bbox 1865 1685 2326 1772; x_wconf 85' lang='lat' dir='ltr'><strong>conditionibus</strong></span> <span class='ocrx_word' id='word_1_104' title='bbox 2371 1696 2679 1770; x_wconf 84' lang='lat' dir='ltr'><strong>arrogatos</strong></span> <span class='ocrx_word' id='word_1_105' title='bbox 2704 1724 2723 1760; x_wconf 90' lang='lat'>‚</span> 
     </span>
     <span class='ocr_line' id='line_1_13' title="bbox 688 1799 2723 1888; baseline -0 -25"><span class='ocrx_word' id='word_1_106' title='bbox 688 1801 875 1864; x_wconf 82' lang='lat' dir='ltr'><strong>refert</strong></span> <span class='ocrx_word' id='word_1_107' title='bbox 915 1799 1098 1887; x_wconf 89' lang='lat' dir='ltr'><strong>Cajus</strong></span> <span class='ocrx_word' id='word_1_108' title='bbox 1150 1799 1253 1887; x_wconf 88' lang='lat'><strong>6).</strong></span> <span class='ocrx_word' id='word_1_109' title='bbox 1308 1799 1530 1865; x_wconf 87' lang='lat' dir='ltr'><strong>Contra</strong></span> <span class='ocrx_word' id='word_1_110' title='bbox 1577 1800 2045 1888; x_wconf 85' lang='lat' dir='ltr'><strong>mancipationis</strong></span> <span class='ocrx_word' id='word_1_111' title='bbox 2086 1800 2209 1866; x_wconf 89' lang='lat' dir='ltr'><strong>ritu</strong></span> <span class='ocrx_word' id='word_1_112' title='bbox 2253 1811 2316 1865; x_wconf 88' lang='lat' dir='ltr'><strong>et</strong></span> <span class='ocrx_word' id='word_1_113' title='bbox 2359 1799 2630 1869; x_wconf 82' lang='lat' dir='ltr'><strong>soeminae</strong></span> <span class='ocrx_word' id='word_1_114' title='bbox 2660 1810 2723 1865; x_wconf 90' lang='lat' dir='ltr'><strong>et</strong></span> 
     </span>
     <span class='ocr_line' id='line_1_14' title="bbox 689 1890 1913 2001; baseline 0.002 -25"><span class='ocrx_word' id='word_1_115' title='bbox 689 1913 891 1978; x_wconf 89' lang='lat' dir='ltr'><strong>omnis</strong></span> <span class='ocrx_word' id='word_1_116' title='bbox 920 1914 1109 1978; x_wconf 83' lang='lat' dir='ltr'><strong>aetatis</strong></span> <span class='ocrx_word' id='word_1_117' title='bbox 1142 1890 1414 2001; x_wconf 82' lang='lat' dir='ltr'><strong>personoe</strong></span> <span class='ocrx_word' id='word_1_118' title='bbox 1444 1912 1913 1998; x_wconf 82' lang='lat' dir='ltr'><strong>adoptabantur.</strong></span> 
     </span>
    </p>
   </div>
   <div class='ocr_carea' id='block_1_2' title="bbox 602 2049 2830 4176">
    <p class='ocr_par' dir='ltr' id='par_1_3' title="bbox 690 2049 2830 3943">
     <span class='ocr_line' id='line_1_15' title="bbox 759 2049 2722 2121; baseline 0.002 -22"><span class='ocrx_word' id='word_1_119' title='bbox 759 2050 1187 2117; x_wconf 75' lang='lat'><strong>1(5‚19.-2)</strong></span> <span class='ocrx_word' id='word_1_120' title='bbox 1230 2052 1294 2115; x_wconf 88' lang='lat'><strong>1,</strong></span> <span class='ocrx_word' id='word_1_121' title='bbox 1339 2052 1438 2118; x_wconf 75' lang='grc' dir='ltr'><strong>υ,</strong></span> <span class='ocrx_word' id='word_1_122' title='bbox 1474 2051 1525 2101; x_wconf 88' lang='lat' dir='ltr'><strong>s.</strong></span> <span class='ocrx_word' id='word_1_123' title='bbox 1552 2050 1694 2117; x_wconf 78' lang='lat' dir='ltr'><strong>-s)</strong></span> <span class='ocrx_word' id='word_1_124' title='bbox 1721 2049 1954 2100; x_wconf 57' lang='lat' dir='ltr'><strong>casnm.</strong></span> <span class='ocrx_word' id='word_1_125' title='bbox 1984 2051 2125 2114; x_wconf 76' lang='lat' dir='ltr'><strong>Auq.</strong></span> <span class='ocrx_word' id='word_1_126' title='bbox 2160 2049 2324 2100; x_wconf 75' lang='lat'><strong>64.-</strong></span> <span class='ocrx_word' id='word_1_127' title='bbox 2349 2050 2722 2121; x_wconf 67' lang='lat' dir='ltr'><strong>4)1,1os„-</strong></span> 
     </span>
     <span class='ocr_line' id='line_1_16' title="bbox 693 2138 1373 2209; baseline 0.009 -22"><span class='ocrx_word' id='word_1_128' title='bbox 693 2138 755 2207; x_wconf 79' lang='lat'><strong>5)</strong></span> <span class='ocrx_word' id='word_1_129' title='bbox 779 2142 804 2190; x_wconf 89' lang='lat'>1</span> <span class='ocrx_word' id='word_1_130' title='bbox 829 2142 1063 2207; x_wconf 80' lang='lat'><strong>‚106.—</strong></span> <span class='ocrx_word' id='word_1_131' title='bbox 1086 2141 1373 2209; x_wconf 72' lang='lat'><strong>6)1,102.</strong></span> 
     </span>
     <span class='ocr_line' id='line_1_17' title="bbox 706 2248 2732 2345; baseline -0.001 -21"><span class='ocrx_word' id='word_1_132' title='bbox 706 2298 716 2313; x_wconf 50' lang='grc' dir='ltr'>ν</span> <span class='ocrx_word' id='word_1_133' title='bbox 784 2248 893 2324; x_wconf 76' lang='lat'><strong>93.</strong></span> <span class='ocrx_word' id='word_1_134' title='bbox 943 2260 1052 2323; x_wconf 85' lang='lat' dir='ltr'><strong>Jus</strong></span> <span class='ocrx_word' id='word_1_135' title='bbox 1075 2257 1335 2331; x_wconf 87' lang='lat' dir='ltr'><strong>dominii</strong></span> <span class='ocrx_word' id='word_1_136' title='bbox 1361 2258 1626 2344; x_wconf 83' lang='lat' dir='ltr'><strong>legitimi</strong></span> <span class='ocrx_word' id='word_1_137' title='bbox 1657 2270 1783 2341; x_wconf 89' lang='lat' dir='ltr'><strong>est,</strong></span> <span class='ocrx_word' id='word_1_138' title='bbox 1825 2281 1947 2345; x_wconf 91' lang='lat' dir='ltr'><strong>quo</strong></span> <span class='ocrx_word' id='word_1_139' title='bbox 1983 2279 2117 2322; x_wconf 91' lang='lat' dir='ltr'><strong>rem</strong></span> <span class='ocrx_word' id='word_1_140' title='bbox 2166 2256 2476 2345; x_wconf 89' lang='lat' dir='ltr'><strong>possident</strong></span> <span class='ocrx_word' id='word_1_141' title='bbox 2519 2268 2581 2321; x_wconf 90' lang='lat' dir='ltr'><strong>et</strong></span> <span class='ocrx_word' id='word_1_142' title='bbox 2619 2279 2732 2322; x_wconf 85' lang='lat' dir='ltr'><strong>ac-</strong></span> 
     </span>
     <span class='ocr_line' id='line_1_18' title="bbox 696 2371 2732 2469; baseline -0.002 -29"><span class='ocrx_word' id='word_1_143' title='bbox 696 2374 956 2469; x_wconf 88' lang='lat' dir='ltr'><strong>quirunt</strong></span> <span class='ocrx_word' id='word_1_144' title='bbox 1004 2376 1165 2439; x_wconf 85' lang='lat' dir='ltr'><strong>cives</strong></span> <span class='ocrx_word' id='word_1_145' title='bbox 1229 2373 1519 2442; x_wconf 88' lang='lat' dir='ltr'><strong>Romani.</strong></span> <span class='ocrx_word' id='word_1_146' title='bbox 1587 2371 1881 2439; x_wconf 83' lang='lat' dir='ltr'><strong>Possessio</strong></span> <span class='ocrx_word' id='word_1_147' title='bbox 1943 2371 2113 2437; x_wconf 86' lang='lat' dir='ltr'><strong>enim</strong></span> <span class='ocrx_word' id='word_1_148' title='bbox 2186 2373 2305 2442; x_wconf 84' lang='lat' dir='ltr'><strong>alia</strong></span> <span class='ocrx_word' id='word_1_149' title='bbox 2353 2383 2443 2438; x_wconf 88' lang='lat' dir='ltr'><strong>est</strong></span> <span class='ocrx_word' id='word_1_150' title='bbox 2488 2371 2732 2459; x_wconf 86' lang='lat' dir='ltr'><strong>propria</strong></span> 
     </span>
     <span class='ocr_line' id='line_1_19' title="bbox 699 2486 2735 2575; baseline -0 -22"><span class='ocrx_word' id='word_1_151' title='bbox 699 2490 934 2554; x_wconf 86' lang='lat' dir='ltr'><strong>civibus</strong></span> <span class='ocrx_word' id='word_1_152' title='bbox 954 2489 1287 2571; x_wconf 89' lang='lat' dir='ltr'><strong>Romanis,</strong></span> <span class='ocrx_word' id='word_1_153' title='bbox 1320 2510 1459 2575; x_wconf 84' lang='lat' dir='ltr'><strong>quae</strong></span> <span class='ocrx_word' id='word_1_154' title='bbox 1485 2487 1839 2552; x_wconf 90' lang='lat' dir='ltr'><strong>dominium</strong></span> <span class='ocrx_word' id='word_1_155' title='bbox 1865 2509 1900 2550; x_wconf 90' lang='lat' dir='ltr'><strong>e</strong></span> <span class='ocrx_word' id='word_1_156' title='bbox 1920 2487 2063 2571; x_wconf 84' lang='lat' dir='ltr'><strong>jure</strong></span> <span class='ocrx_word' id='word_1_157' title='bbox 2088 2487 2428 2567; x_wconf 89' lang='lat' dir='ltr'><strong>Quiritium</strong></span> <span class='ocrx_word' id='word_1_158' title='bbox 2460 2488 2555 2552; x_wconf 77' lang='lat' dir='ltr'><strong>vel</strong></span> <span class='ocrx_word' id='word_1_159' title='bbox 2586 2486 2735 2572; x_wconf 85' lang='lat' dir='ltr'><strong>qui-</strong></span> 
     </span>
     <span class='ocr_line' id='line_1_20' title="bbox 700 2599 2737 2686; baseline 0.001 -23"><span class='ocrx_word' id='word_1_160' title='bbox 700 2602 983 2667; x_wconf 87' lang='lat' dir='ltr'><strong>ritarium</strong></span> <span class='ocrx_word' id='word_1_161' title='bbox 1030 2602 1294 2683; x_wconf 85' lang='lat' dir='ltr'><strong>dicitur,</strong></span> <span class='ocrx_word' id='word_1_162' title='bbox 1333 2601 1451 2665; x_wconf 85' lang='lat' dir='ltr'><strong>alia</strong></span> <span class='ocrx_word' id='word_1_163' title='bbox 1497 2599 1804 2681; x_wconf 85' lang='lat' dir='ltr'><strong>deterior,</strong></span> <span class='ocrx_word' id='word_1_164' title='bbox 1849 2621 1971 2686; x_wconf 90' lang='lat' dir='ltr'><strong>qua</strong></span> <span class='ocrx_word' id='word_1_165' title='bbox 2015 2622 2111 2662; x_wconf 91' lang='lat' dir='ltr'><strong>res</strong></span> <span class='ocrx_word' id='word_1_166' title='bbox 2149 2600 2218 2665; x_wconf 87' lang='lat' dir='ltr'><strong>in</strong></span> <span class='ocrx_word' id='word_1_167' title='bbox 2255 2599 2433 2663; x_wconf 89' lang='lat' dir='ltr'><strong>bonis</strong></span> <span class='ocrx_word' id='word_1_168' title='bbox 2468 2600 2737 2686; x_wconf 87' lang='lat' dir='ltr'><strong>alicujus</strong></span> 
     </span>
     <span class='ocr_line' id='line_1_21' title="bbox 699 2711 2738 2804; baseline -0.001 -22"><span class='ocrx_word' id='word_1_169' title='bbox 699 2728 844 2782; x_wconf 90' lang='lat' dir='ltr'><strong>sunt</strong></span> <span class='ocrx_word' id='word_1_170' title='bbox 871 2713 959 2804; x_wconf 86' lang='lat'><strong>1),</strong></span> <span class='ocrx_word' id='word_1_171' title='bbox 982 2738 1120 2802; x_wconf 79' lang='lat' dir='ltr'><strong>quae</strong></span> <span class='ocrx_word' id='word_1_172' title='bbox 1146 2715 1264 2778; x_wconf 75' lang='lat' dir='ltr'><strong>civi</strong></span> <span class='ocrx_word' id='word_1_173' title='bbox 1287 2715 1575 2778; x_wconf 88' lang='lat' dir='ltr'><strong>Romano</strong></span> <span class='ocrx_word' id='word_1_174' title='bbox 1600 2734 1747 2776; x_wconf 91' lang='lat' dir='ltr'><strong>cum</strong></span> <span class='ocrx_word' id='word_1_175' title='bbox 1774 2711 2098 2798; x_wconf 87' lang='lat' dir='ltr'><strong>peregrino</strong></span> <span class='ocrx_word' id='word_1_176' title='bbox 2119 2712 2488 2780; x_wconf 84' lang='lat' dir='ltr'><strong>communis.</strong></span> <span class='ocrx_word' id='word_1_177' title='bbox 2517 2712 2613 2775; x_wconf 84' lang='lat' dir='ltr'><strong>Ad</strong></span> <span class='ocrx_word' id='word_1_178' title='bbox 2629 2714 2738 2799; x_wconf 90' lang='lat' dir='ltr'><strong>jus</strong></span> 
     </span>
     <span class='ocr_line' id='line_1_22' title="bbox 700 2824 2737 2918; baseline 0 -24"><span class='ocrx_word' id='word_1_179' title='bbox 700 2830 963 2894; x_wconf 87' lang='lat' dir='ltr'><strong>dominii</strong></span> <span class='ocrx_word' id='word_1_180' title='bbox 1009 2828 1318 2918; x_wconf 88' lang='lat' dir='ltr'><strong>pertinent</strong></span> <span class='ocrx_word' id='word_1_181' title='bbox 1365 2849 1573 2890; x_wconf 89' lang='lat' dir='ltr'><strong>rerum</strong></span> <span class='ocrx_word' id='word_1_182' title='bbox 1616 2824 1926 2895; x_wconf 84' lang='lat' dir='ltr'><strong>distinctio</strong></span> <span class='ocrx_word' id='word_1_183' title='bbox 1963 2836 2024 2891; x_wconf 90' lang='lat' dir='ltr'><strong>et</strong></span> <span class='ocrx_word' id='word_1_184' title='bbox 2055 2825 2416 2911; x_wconf 88' lang='lat' dir='ltr'><strong>acquirendi</strong></span> <span class='ocrx_word' id='word_1_185' title='bbox 2442 2827 2614 2895; x_wconf 82' lang='lat' dir='ltr'><strong>ratio.</strong></span> <span class='ocrx_word' id='word_1_186' title='bbox 2642 2828 2737 2895; x_wconf 82' lang='lat' dir='ltr'><strong>Ac</strong></span> 
     </span>
     <span class='ocr_line' id='line_1_23' title="bbox 699 2939 2744 3032; baseline 0 -25"><span class='ocrx_word' id='word_1_187' title='bbox 699 2945 902 3032; x_wconf 90' lang='lat' dir='ltr'><strong>primo</strong></span> <span class='ocrx_word' id='word_1_188' title='bbox 925 2966 1020 3007; x_wconf 91' lang='lat' dir='ltr'><strong>res</strong></span> <span class='ocrx_word' id='word_1_189' title='bbox 1046 2941 1503 3029; x_wconf 82' lang='lat' dir='ltr'><strong>velcorporalcs</strong></span> <span class='ocrx_word' id='word_1_190' title='bbox 1534 2950 1713 3022; x_wconf 90' lang='lat' dir='ltr'><strong>sunt,</strong></span> <span class='ocrx_word' id='word_1_191' title='bbox 1732 2960 1871 3025; x_wconf 85' lang='lat' dir='ltr'><strong>quae</strong></span> <span class='ocrx_word' id='word_1_192' title='bbox 1905 2939 2137 3004; x_wconf 84' lang='lat' dir='ltr'><strong>scilicet</strong></span> <span class='ocrx_word' id='word_1_193' title='bbox 2161 2941 2335 3027; x_wconf 87' lang='lat' dir='ltr'><strong>tangi</strong></span> <span class='ocrx_word' id='word_1_194' title='bbox 2360 2953 2620 3028; x_wconf 87' lang='lat' dir='ltr'><strong>queunt,</strong></span> <span class='ocrx_word' id='word_1_195' title='bbox 2644 2942 2744 3012; x_wconf 81' lang='lat' dir='ltr'><strong>vel</strong></span> 
     </span>
     <span class='ocr_line' id='line_1_24' title="bbox 699 3038 2735 3145; baseline 0 -21"><span class='ocrx_word' id='word_1_196' title='bbox 699 3060 1112 3145; x_wconf 84' lang='lat' dir='ltr'><strong>incorporales</strong></span> <span class='ocrx_word' id='word_1_197' title='bbox 1134 3108 1150 3140; x_wconf 89' lang='lat'><strong>,</strong></span> <span class='ocrx_word' id='word_1_198' title='bbox 1184 3079 1323 3145; x_wconf 83' lang='lat' dir='ltr'><strong>quae</strong></span> <span class='ocrx_word' id='word_1_199' title='bbox 1348 3106 1367 3139; x_wconf 93' lang='lat'><strong>,</strong></span> <span class='ocrx_word' id='word_1_200' title='bbox 1409 3066 1620 3145; x_wconf 83' lang='lat' dir='ltr'><strong>utpote</strong></span> <span class='ocrx_word' id='word_1_201' title='bbox 1657 3055 1799 3139; x_wconf 88' lang='lat' dir='ltr'><strong>jura</strong></span> <span class='ocrx_word' id='word_1_202' title='bbox 1832 3038 2149 3140; x_wconf 80' lang='lat' dir='ltr'><strong>quaedam,</strong></span> <span class='ocrx_word' id='word_1_203' title='bbox 2197 3057 2367 3144; x_wconf 87' lang='lat' dir='ltr'><strong>tangi</strong></span> <span class='ocrx_word' id='word_1_204' title='bbox 2392 3068 2735 3142; x_wconf 88' lang='lat' dir='ltr'><strong>nequeunt.</strong></span> 
     </span>
     <span class='ocr_line' id='line_1_25' title="bbox 702 3170 2739 3260; baseline -0.002 -20"><span class='ocrx_word' id='word_1_205' title='bbox 702 3175 1055 3260; x_wconf 88' lang='lat' dir='ltr'><strong>Corporales</strong></span> <span class='ocrx_word' id='word_1_206' title='bbox 1094 3194 1273 3258; x_wconf 89' lang='lat' dir='ltr'><strong>porro</strong></span> <span class='ocrx_word' id='word_1_207' title='bbox 1313 3171 1411 3238; x_wconf 82' lang='lat' dir='ltr'><strong>vel</strong></span> <span class='ocrx_word' id='word_1_208' title='bbox 1445 3170 1705 3240; x_wconf 89' lang='lat' dir='ltr'><strong>mobiles</strong></span> <span class='ocrx_word' id='word_1_209' title='bbox 1742 3180 1924 3252; x_wconf 88' lang='lat' dir='ltr'><strong>sunt,</strong></span> <span class='ocrx_word' id='word_1_210' title='bbox 1966 3184 2037 3235; x_wconf 91' lang='lat' dir='ltr'><strong>ut</strong></span> <span class='ocrx_word' id='word_1_211' title='bbox 2075 3192 2215 3256; x_wconf 85' lang='lat' dir='ltr'><strong>quae</strong></span> <span class='ocrx_word' id='word_1_212' title='bbox 2247 3170 2316 3234; x_wconf 91' lang='lat' dir='ltr'><strong>in</strong></span> <span class='ocrx_word' id='word_1_213' title='bbox 2351 3170 2581 3257; x_wconf 85' lang='lat' dir='ltr'><strong>praedio</strong></span> <span class='ocrx_word' id='word_1_214' title='bbox 2601 3183 2739 3246; x_wconf 77' lang='lat' dir='ltr'><strong>ruta</strong></span> 
     </span>
     <span class='ocr_line' id='line_1_26' title="bbox 697 3283 2741 3374; baseline -0.001 -19"><span class='ocrx_word' id='word_1_215' title='bbox 697 3311 850 3355; x_wconf 83' lang='lat' dir='ltr'><strong>caesa</strong></span> <span class='ocrx_word' id='word_1_216' title='bbox 889 3285 967 3374; x_wconf 91' lang='lat'><strong>2)</strong></span> <span class='ocrx_word' id='word_1_217' title='bbox 1010 3287 1304 3352; x_wconf 85' lang='lat' dir='ltr'><strong>dicuntur</strong></span> <span class='ocrx_word' id='word_1_218' title='bbox 1326 3334 1344 3368; x_wconf 92' lang='lat'><strong>,</strong></span> <span class='ocrx_word' id='word_1_219' title='bbox 1386 3283 1483 3348; x_wconf 82' lang='lat' dir='ltr'><strong>vel</strong></span> <span class='ocrx_word' id='word_1_220' title='bbox 1523 3283 1911 3365; x_wconf 90' lang='lat' dir='ltr'><strong>immobiles,</strong></span> <span class='ocrx_word' id='word_1_221' title='bbox 1943 3293 2012 3348; x_wconf 90' lang='lat' dir='ltr'><strong>ut</strong></span> <span class='ocrx_word' id='word_1_222' title='bbox 2038 3285 2237 3348; x_wconf 90' lang='lat' dir='ltr'><strong>solum</strong></span> <span class='ocrx_word' id='word_1_223' title='bbox 2265 3334 2281 3368; x_wconf 91' lang='lat'><strong>,</strong></span> <span class='ocrx_word' id='word_1_224' title='bbox 2310 3297 2371 3350; x_wconf 90' lang='lat' dir='ltr'><strong>et</strong></span> <span class='ocrx_word' id='word_1_225' title='bbox 2408 3285 2573 3372; x_wconf 89' lang='lat' dir='ltr'><strong>quod</strong></span> <span class='ocrx_word' id='word_1_226' title='bbox 2609 3289 2741 3352; x_wconf 88' lang='lat' dir='ltr'><strong>solo</strong></span> 
     </span>
     <span class='ocr_line' id='line_1_27' title="bbox 693 3395 2830 3484; baseline -0.002 -16"><span class='ocrx_word' id='word_1_227' title='bbox 693 3413 915 3468; x_wconf 86' lang='lat' dir='ltr'><strong>natura</strong></span> <span class='ocrx_word' id='word_1_228' title='bbox 952 3400 1049 3476; x_wconf 81' lang='lat' dir='ltr'><strong>vel</strong></span> <span class='ocrx_word' id='word_1_229' title='bbox 1095 3410 1225 3468; x_wconf 85' lang='lat' dir='ltr'><strong>arte</strong></span> <span class='ocrx_word' id='word_1_230' title='bbox 1268 3397 1539 3468; x_wconf 83' lang='lat' dir='ltr'><strong>adhaeret</strong></span> <span class='ocrx_word' id='word_1_231' title='bbox 1564 3444 1582 3480; x_wconf 88' lang='lat'><strong>,</strong></span> <span class='ocrx_word' id='word_1_232' title='bbox 1626 3396 1716 3461; x_wconf 88' lang='lat' dir='ltr'><strong>vel</strong></span> <span class='ocrx_word' id='word_1_233' title='bbox 1754 3395 1900 3484; x_wconf 86' lang='lat' dir='ltr'><strong>jure</strong></span> <span class='ocrx_word' id='word_1_234' title='bbox 1941 3395 2227 3462; x_wconf 84' lang='lat' dir='ltr'><strong>cohaeret.</strong></span> <span class='ocrx_word' id='word_1_235' title='bbox 2268 3398 2343 3460; x_wconf 90' lang='lat' dir='ltr'><strong>In</strong></span> <span class='ocrx_word' id='word_1_236' title='bbox 2381 3398 2741 3483; x_wconf 86' lang='lat' dir='ltr'><strong>incorpora·</strong></span> <span class='ocrx_word' id='word_1_237' title='bbox 2827 3469 2830 3472; x_wconf 56' lang='grc'>,</span> 
     </span>
     <span class='ocr_line' id='line_1_28' title="bbox 690 3509 2742 3602; baseline -0.005 -19"><span class='ocrx_word' id='word_1_238' title='bbox 690 3520 857 3585; x_wconf 84' lang='lat' dir='ltr'><strong>libus</strong></span> <span class='ocrx_word' id='word_1_239' title='bbox 889 3511 967 3602; x_wconf 89' lang='grc'><strong>3)</strong></span> <span class='ocrx_word' id='word_1_240' title='bbox 1012 3514 1198 3598; x_wconf 87' lang='lat' dir='ltr'><strong>Cajus</strong></span> <span class='ocrx_word' id='word_1_241' title='bbox 1239 3514 1410 3600; x_wconf 87' lang='lat' dir='ltr'><strong>ponit</strong></span> <span class='ocrx_word' id='word_1_242' title='bbox 1444 3509 1901 3595; x_wconf 86' lang='lat' dir='ltr'><strong>hereditatem,</strong></span> <span class='ocrx_word' id='word_1_243' title='bbox 1948 3512 2455 3592; x_wconf 79' lang='lat' dir='ltr'><strong>usumfructum,</strong></span> <span class='ocrx_word' id='word_1_244' title='bbox 2497 3510 2742 3598; x_wconf 80' lang='lat' dir='ltr'><strong>obliga-</strong></span> 
     </span>
     <span class='ocr_line' id='line_1_29' title="bbox 699 3624 2742 3714; baseline -0.002 -19"><span class='ocrx_word' id='word_1_245' title='bbox 699 3635 897 3698; x_wconf 89' lang='lat' dir='ltr'><strong>tiones</strong></span> <span class='ocrx_word' id='word_1_246' title='bbox 914 3681 930 3714; x_wconf 90' lang='lat'><strong>,</strong></span> <span class='ocrx_word' id='word_1_247' title='bbox 959 3630 1276 3696; x_wconf 78' lang='lat' dir='ltr'><strong>servitutes</strong></span> <span class='ocrx_word' id='word_1_248' title='bbox 1301 3628 1424 3692; x_wconf 84' lang='lat' dir='ltr'><strong>sive</strong></span> <span class='ocrx_word' id='word_1_249' title='bbox 1444 3626 1592 3710; x_wconf 85' lang='lat' dir='ltr'><strong>jura</strong></span> <span class='ocrx_word' id='word_1_250' title='bbox 1619 3625 1996 3712; x_wconf 84' lang='lat' dir='ltr'><strong>praediorum</strong></span> <span class='ocrx_word' id='word_1_251' title='bbox 2021 3624 2123 3714; x_wconf 83' lang='lat'><strong>4),</strong></span> <span class='ocrx_word' id='word_1_252' title='bbox 2150 3636 2220 3689; x_wconf 88' lang='lat' dir='ltr'><strong>ut</strong></span> <span class='ocrx_word' id='word_1_253' title='bbox 2245 3625 2447 3689; x_wconf 89' lang='lat' dir='ltr'><strong>oneris</strong></span> <span class='ocrx_word' id='word_1_254' title='bbox 2468 3625 2742 3699; x_wconf 82' lang='lat' dir='ltr'><strong>serendi,</strong></span> 
     </span>
     <span class='ocr_line' id='line_1_30' title="bbox 700 3731 2746 3830; baseline -0.001 -22"><span class='ocrx_word' id='word_1_255' title='bbox 700 3747 863 3830; x_wconf 80' lang='lat' dir='ltr'><strong>tigni</strong></span> <span class='ocrx_word' id='word_1_256' title='bbox 887 3731 1261 3808; x_wconf 84' lang='lat' dir='ltr'><strong>immittendi</strong></span> <span class='ocrx_word' id='word_1_257' title='bbox 1290 3790 1307 3826; x_wconf 90' lang='lat'><strong>,</strong></span> <span class='ocrx_word' id='word_1_258' title='bbox 1332 3740 1669 3825; x_wconf 85' lang='lat' dir='ltr'><strong>stillicidii,</strong></span> <span class='ocrx_word' id='word_1_259' title='bbox 1702 3740 2019 3805; x_wconf 90' lang='lat' dir='ltr'><strong>luminum</strong></span> <span class='ocrx_word' id='word_1_260' title='bbox 2040 3789 2057 3822; x_wconf 94' lang='lat'><strong>,</strong></span> <span class='ocrx_word' id='word_1_261' title='bbox 2097 3740 2355 3822; x_wconf 83' lang='lat' dir='ltr'><strong>cloacae,</strong></span> <span class='ocrx_word' id='word_1_262' title='bbox 2385 3761 2525 3825; x_wconf 83' lang='lat' dir='ltr'><strong>quae</strong></span> <span class='ocrx_word' id='word_1_263' title='bbox 2552 3741 2746 3806; x_wconf 88' lang='lat' dir='ltr'><strong>urba-</strong></span> 
     </span>
     <span class='ocr_line' id='line_1_31' title="bbox 702 3853 2745 3943; baseline -0.003 -17"><span class='ocrx_word' id='word_1_264' title='bbox 702 3883 962 3942; x_wconf 89' lang='lat' dir='ltr'><strong>norum,</strong></span> <span class='ocrx_word' id='word_1_265' title='bbox 995 3859 1230 3924; x_wconf 85' lang='lat' dir='ltr'><strong>itineris</strong></span> <span class='ocrx_word' id='word_1_266' title='bbox 1252 3909 1269 3943; x_wconf 93' lang='lat'><strong>,</strong></span> <span class='ocrx_word' id='word_1_267' title='bbox 1308 3869 1514 3941; x_wconf 86' lang='lat' dir='ltr'><strong>actus,</strong></span> <span class='ocrx_word' id='word_1_268' title='bbox 1557 3857 1671 3921; x_wconf 63' lang='lat' dir='ltr'><strong>vire</strong></span> <span class='ocrx_word' id='word_1_269' title='bbox 1696 3904 1713 3938; x_wconf 89' lang='lat'><strong>,</strong></span> <span class='ocrx_word' id='word_1_270' title='bbox 1749 3853 2180 3943; x_wconf 74' lang='lat' dir='ltr'><strong>aquaeductus,</strong></span> <span class='ocrx_word' id='word_1_271' title='bbox 2204 3874 2344 3940; x_wconf 80' lang='lat' dir='ltr'><strong>quae</strong></span> <span class='ocrx_word' id='word_1_272' title='bbox 2374 3855 2745 3920; x_wconf 86' lang='lat' dir='ltr'><strong>rusticorum</strong></span> 
     </span>
    </p>

    <p class='ocr_par' dir='ltr' id='par_1_4' title="bbox 602 3969 2748 4176">
     <span class='ocr_line' id='line_1_32' title="bbox 602 3969 2744 4062; baseline -0.001 -25"><span class='ocrx_word' id='word_1_273' title='bbox 602 3993 627 4048; x_wconf 61' lang='grc' dir='ltr'><em>ι</em></span> <span class='ocrx_word' id='word_1_274' title='bbox 704 3972 1077 4062; x_wconf 80' lang='lat' dir='ltr'><strong>praediorum</strong></span> <span class='ocrx_word' id='word_1_275' title='bbox 1118 3969 1222 4060; x_wconf 86' lang='lat'><strong>5).</strong></span> <span class='ocrx_word' id='word_1_276' title='bbox 1258 3973 1755 4058; x_wconf 86' lang='lat' dir='ltr'><strong>Distinguuntur</strong></span> <span class='ocrx_word' id='word_1_277' title='bbox 1798 3979 1859 4032; x_wconf 88' lang='lat' dir='ltr'><strong>et</strong></span> <span class='ocrx_word' id='word_1_278' title='bbox 1893 3990 1987 4032; x_wconf 85' lang='lat' dir='ltr'><strong>res</strong></span> <span class='ocrx_word' id='word_1_279' title='bbox 2011 4017 2027 4052; x_wconf 95' lang='lat'><strong>,</strong></span> <span class='ocrx_word' id='word_1_280' title='bbox 2054 3991 2195 4055; x_wconf 82' lang='lat' dir='ltr'><strong>quae</strong></span> <span class='ocrx_word' id='word_1_281' title='bbox 2217 3971 2353 4035; x_wconf 82' lang='lat' dir='ltr'><strong>aliae</strong></span> <span class='ocrx_word' id='word_1_282' title='bbox 2377 3970 2444 4037; x_wconf 90' lang='lat' dir='ltr'><strong>in</strong></span> <span class='ocrx_word' id='word_1_283' title='bbox 2481 3972 2744 4037; x_wconf 83' lang='lat' dir='ltr'><strong>aliarum</strong></span> 
     </span>
     <span class='ocr_line' id='line_1_33' title="bbox 702 4082 2748 4176; baseline -0.002 -18"><span class='ocrx_word' id='word_1_284' title='bbox 702 4085 1153 4176; x_wconf 65' lang='lat' dir='ltr'><strong>vicem,&#39;quasi</strong></span> <span class='ocrx_word' id='word_1_285' title='bbox 1192 4096 1412 4160; x_wconf 82' lang='lat' dir='ltr'><strong>mutua</strong></span> <span class='ocrx_word' id='word_1_286' title='bbox 1451 4085 1585 4154; x_wconf 78' lang='lat' dir='ltr'><strong>vice</strong></span> <span class='ocrx_word' id='word_1_287' title='bbox 1624 4086 1992 4169; x_wconf 78' lang='lat' dir='ltr'><strong>fungentes,</strong></span> <span class='ocrx_word' id='word_1_288' title='bbox 2042 4082 2215 4157; x_wconf 84' lang='lat' dir='ltr'><strong>reddi</strong></span> <span class='ocrx_word' id='word_1_289' title='bbox 2261 4086 2533 4174; x_wconf 74' lang='lat' dir='ltr'><strong>solvique</strong></span> <span class='ocrx_word' id='word_1_290' title='bbox 2594 4110 2748 4173; x_wconf 85' lang='lat' dir='ltr'><strong>pos-</strong></span> 
     </span>
    </p>
   </div>
  </div>
 </body>
</html>
