3111 4829
1460 405 1717 492 (272)

583 539 819 628 gendos
838 564 856 626 3
890 540 996 607 sed
1035 541 1203 608 idem
1238 565 1348 630 per
1383 566 1445 607 se
1482 544 1618 608 talis
1643 593 1660 628 ,
1698 552 1769 607 ut
1797 542 2029 606 mirum
2072 555 2199 604 non
2229 532 2344 622 sit,
2389 538 2602 602 inter-

581 667 780 740 pretes
811 655 1001 722 varias
1040 657 1107 721 in
1137 658 1519 742 conjecturas
1549 671 1883 745 gravesque
1916 677 2148 720 errores
2185 650 2471 717 incidisse
2504 644 2596 738 3).

582 771 763 836 Nunc
801 769 918 836 hoc
947 769 1158 836 saltem
1190 773 1337 856 Cajo
1377 772 1706 857 debemuS,
1749 794 1829 835 ne
1851 821 1868 855 ,
1907 770 2060 857 quin
2088 769 2193 833 illa
2222 769 2360 853 lege
2391 776 2604 830 vetus-

581 883 811 949 tissima
841 885 908 948 in
929 885 1073 969 jure
1094 884 1317 971 agendi
1350 886 1500 951 ratio
1522 936 1539 970 ,
1568 887 1721 973 legis
1749 885 2047 967 actiones,
2071 904 2220 948 cum
2246 881 2382 964 illa,
2407 901 2599 967 quam

584 994 881 1082 diximus,
913 997 1295 1084 exceptione,
1326 999 1629 1086 abrogatae
1661 995 1810 1083 sint,
1839 997 2104 1084 amplius
2133 995 2509 1060 dubitemus.
2542 1005 2547 1014 ’

653 1133 704 1198 1)
725 1134 828 1182 Hac
852 1132 1141 1182 difficultate
1166 1134 1235 1183 ita
1258 1151 1309 1184 se
1332 1135 1580 1200 expedivit
1601 1135 1802 1200 Dupont
1824 1135 1842 1200 (
1860 1151 1912 1200 p.
1933 1133 2047 1200 ⁴8.)
2065 1170 2081 1196 ,
2108 1137 2165 1182 ut
2184 1131 2380 1182 veritati
2404 1131 2607 1197 propius

585 1222 765 1274 dixerit
784 1259 800 1285 ,
825 1222 979 1285 legem
1003 1222 1262 1272 Ebuu'am
1297 1225 1562 1288 abroqasse
1593 1225 1716 1289 leqis
1754 1228 1976 1275 actiones
1995 1261 2010 1286 ‚
2052 1231 2103 1273 et
2139 1226 2374 1289 quaedam
2409 1225 2470 1272 de
2497 1217 2607 1286 sor·-

584 1315 744 1365 mulin
764 1316 1029 1373 statutum·
1064 1312 1194 1377 lege·
1216 1329 1332 1362 vero
1363 1315 1521 1363 Julian
1560 1317 1807 1365 rationem
1842 1316 2033 1378 uqsndt'
2058 1317 2117 1363 in
2141 1315 2347 1378 judicio
2375 1330 2471 1377 por
2490 1313 2603 1375 sor-

585 1405 757 1453 ’καὶαι
769 1438 788 1468 ,
820 1418 941 1466 quas
961 1407 1127 1451 tamen
1156 1402 1259 1467 ipse
1284 1405 1372 1468 (p.
1396 1404 1461 1453 50
1480 1409 1531 1452 et
1564 1403 1646 1453 64.
1667 1405 1685 1469 )
1711 1404 1858 1452 Juliia
1878 1403 2107 1453 inductas
2130 1403 2277 1467 facit,
2312 1405 2605 1452 accuratius

585 1498 786 1543 tantum
811 1495 1091 1542 ordinasse.
1108 1521 1170 1532 —
1197 1495 1249 1554 2)
1272 1493 1400 1542 Gell.
1428 1494 1490 1543 16
1507 1532 1523 1558 ,
1549 1495 1640 1557 10,
1677 1511 1840 1559 quum
1870 1495 2173 1558 proletarii,
2213 1499 2263 1541 ot
2299 1493 2501 1542 annuus·
2513 1525 2531 1555 ,
2560 1497 2612 1539 σε

584 1589 789 1631 conates
807 1618 823 1644 ‚
846 1589 896 1631 ot
925 1584 1076 1631 vados
1096 1619 1112 1645 ,
1150 1590 1199 1631 ee
1216 1583 1461 1632 cubando·
1479 1619 1495 1647 ‚
1530 1592 1581 1631 et
1601 1586 1786 1647 oiqt’nh'
1816 1585 2044 1646 quinque
2067 1597 2203 1631 mnu
2220 1614 2239 1643 ,
2274 1588 2325 1628 ee
2359 1581 2569 1629 taliones
2590 1615 2610 1644 ,

577 1671 946 1736 furtorumque
961 1674 1173 1736 quaetio
1195 1688 1313 1720 cum
1336 1673 1480 1720 lance
1502 1679 1550 1717 ot
1569 1672 1686 1717 licio
1707 1670 1794 1732 (v.
1817 1686 1870 1733 p.
1899 1670 2038 1732 252.)
2063 1671 2371 1718 evanuerint
2383 1703 2402 1733 ,
2424 1671 2611 1719 omnie-

585 1776 687 1825 quo
712 1761 804 1809 ina
826 1760 960 1809 XII
991 1759 1284 1806 tabularum
1302 1760 1604 1822 antiquitas,
1622 1759 1731 1806 nica·
1741 1760 1800 1806 in
1817 1759 1941 1822 1091·ae
1954 1758 2240 1808 actionibus
2277 1762 2613 1808 centumvira-

585 1850 716 1899 uun·
734 1864 1009 1898 causarum
1028 1883 1044 1909 ‚
1068 1847 1172 1911 leqe
1193 1847 1397 1895 AEbem'a
1422 1849 1526 1897 lata
1545 1851 1809 1912 consopita
1829 1851 1922 1913 οὔ,
1943 1849 2170 1911 cem—5)
2187 1848 2263 1896 cf.
2283 1848 2435 1898 Bach.
2455 1849 2598 1899 Huc.

586 1936 820 2000 Jun'npr.
836 1936 988 1986 Rom.
1007 1935 1045 1984 l.
1061 1935 1114 1984 2.
1132 1950 1181 1984 c.
1201 1935 1253 1984 2.
1271 1932 1317 2003 §.
1342 1936 1435 1998 29,
1453 1936 1583 2001 Dup.
1604 1952 1657 2001 p.
1675 1935 1758 1986 49.

677 2053 829 2117 271.
849 2050 897 2114 f·
938 2052 1114 2138 Legis
1153 2052 1419 2116 actiones
1448 2067 1579 2138 post
1609 2054 1811 2141 legem
1838 2055 2153 2120 AEbutiam
2187 2055 2427 2121 duabus
2454 2066 2607 2120 tan-

557 2159 724 2230 'tum
769 2164 837 2228 in
876 2164 1072 2230 causis
1095 2169 1460 2252 permissae
1489 2189 1616 2231 esse
1660 2166 1827 2252 apud
1858 2167 2082 2251 Cajum
2112 2168 2417 2252 vidimus,
2448 2168 2559 2256 qui
2581 2216 2599 2252 ,

589 2285 629 2344 4
655 2327 671 2363 ,
722 2282 838 2363 31,
886 2277 963 2342 de
1009 2278 1235 2343 damno
1283 2280 1544 2365 infecto,
1608 2289 1855 2364 monet,
1903 2282 2221 2347 neminem
2270 2283 2425 2346 velle
2476 2283 2612 2371 leqe

586 2417 782 2484 aqere
806 2440 830 2470 ,
861 2392 979 2457 sed
1001 2372 1222 2481 paelics
1246 2394 1673 2481 stipulatione
1701 2440 1720 2468 ,
1754 2416 1898 2483 qum
1934 2398 2002 2459 in
2038 2395 2246 2460 edicto
2272 2397 2611 2485 proposita

587 2519 723 2583 eet,
765 2507 1230 2571 adversarium
1267 2506 1580 2596 obligare.
1633 2509 1939 2573 Caeterum
1961 2558 1979 2593 ,
2014 2509 2080 2572 in
2110 2508 2387 2597 utrisque
2415 2509 2615 2575 causis

585 2643 714 2686 non
746 2620 1060 2706 permissas
1089 2618 1312 2703 modo,
1355 2618 1458 2683 s'ed
1495 2620 1888 2704 jussas'esse,
1932 2619 2150 2703 Cajum
2194 2622 2451 2686 voluisse
2501 2624 2619 2686 in·-

587 2734 784 2820 telligi
804 2782 822 2819 ‚
847 2743 983 2797 tum
1007 2733 1156 2797 alias
1179 2731 1522 2818 probabile,
1552 2744 1686 2797 tum
1716 2743 1955 2797 certum
1985 2732 2237 2817 diceres,
2262 2747 2612 2820 comparato

586 2844 758 2931 loco,
813 2851 886 2932 4,
934 2852 1051 2932 95,
1097 2845 1296 2932 unde,
1338 2846 1406 2909 in
1454 2845 2000 2910 centumviralibus
2053 2844 2306 2929 judiciis
2364 2847 2614 2911 nonnisi

586 2983 700 3048 per
727 2960 878 3047 legis
897 2960 1165 3025 actiones
1192 2969 1399 3023 actum
1431 2980 1581 3041 esse,
1604 2957 1914 3044 colligitur
1931 2980 1949 3041 3
1980 2980 2184 3044 neque
2213 2958 2413 3043 aliter,
2446 2970 2617 3024 certe

588 3073 792 3161 quoad
820 3075 922 3138 illa
948 3073 1184 3158 judicia
1203 3121 1220 3154 ,
1249 3094 1382 3135 rem
1413 3072 1845 3157 interpretatus
1872 3073 2125 3158 Dupont
2160 3069 2255 3161 1),
2285 3071 2402 3138 hoc
2431 3074 2617 3138 etiam

587 3187 855 3271 addens,
892 3198 1025 3274 post
1055 3186 1349 3250 formulas
1393 3185 1638 3269 legibus
1666 3185 1846 3250 Juliis
1886 3185 2264 3251 introductas
2286 3236 2303 3270 ,
2333 3188 2479 3274 quia
2523 3209 2625 3251 res

590 3301 893 3386 graviores
914 3309 1048 3363 tum
1077 3297 1242 3384 apud
1265 3298 1677 3363 centumviros
1702 3295 2003 3387 (§.267.)‚
2024 3309 2175 3364 teste
2202 3300 2501 3366 Cicerone
2522 3298 2615 3388 2),

588 3424 757 3497 actae,
782 3412 1274 3499 frequentissime
1297 3411 1363 3475 in
1387 3410 1584 3476 causis
1605 3412 2154 3476 centumviralibus
2177 3413 2330 3498 legis
2349 3412 2620 3476 actiones

589 3529 857 3593 exerceri
886 3527 1190 3592 debuisse.
1219 3528 1293 3592 In
1323 3524 1419 3590 his
1447 3525 1598 3590 adeo
1626 3536 1955 3612 servatam,
1979 3538 2040 3591 et
2067 3527 2204 3610 Caji
2228 3526 2412 3591 etiam
2439 3535 2619 3590 oetate

586 3643 968 3710 obtinentem
990 3689 1008 3726 ,
1040 3650 1522 3706 consentaneum
1552 3650 1643 3704 est
1672 3639 1922 3704 credere
1943 3690 1960 3724 ,
1991 3662 2117 3706 una
2149 3660 2291 3702 cum
2324 3649 2619 3703 centum-

585 3756 760 3821 virali
803 3754 1041 3841 judicio
1087 3754 1333 3839 penitus
1381 3755 1697 3819 evanuisse
1739 3753 2209 3820 vetustissimam
2256 3751 2427 3816 illam
2470 3751 2618 3837 jure

565 3871 814 3958 'agendi
842 3872 1178 3954 rationem3
1221 3870 1388 3958 quod
1435 3871 1724 3957 priusne,
1766 3854 1855 3936 an*
1877 3869 2092 3935 eodem
2123 3874 2402 3955 tempore
2427 3920 2444 3955 ,
2490 3894 2616 3958 quo

588 3985 870 4049 formula}
897 4007 1145 4072 quoque
1175 3984 1291 4048 sub
1322 3984 1719 4050 Constantino
1749 3985 1829 4049 Μ.
1861 3981 2134 4067 abolitae,
2164 3983 2482 4067 acciderit,
2512 3983 2617 4048 hic

595 4096 899 4161 intactum
935 4097 1340 4183 relinquimus
1363 4145 1379 4178 ‚
1408 4096 1524 4161 hoc
1555 4097 1738 4161 etiam
1768 4106 2087 4161 monentes
2105 4145 2123 4179 ,
2147 4096 2299 4184 legis
2324 4098 2623 4178 actiones,
