3111 4829
1459 468 1707 561 (190)

581 597 808 681 quippe
846 600 1092 684 Regum
1133 611 1420 684 potestate
1453 603 1551 692 (5.
1611 602 1787 691 186.)
1840 605 1903 666 in
1956 605 2245 668 Consules
2276 604 2601 682 translata,

583 709 834 795 plebejis
855 760 872 795 ‚
904 724 1121 796 praeter
1154 715 1353 800 legem
1387 714 1463 780 de
1495 718 1924 802 provocatione
1958 719 1982 807 (
1999 721 2060 804 §.
2098 716 2236 805 71.)
2258 767 2275 801 ,
2300 717 2397 780 vix
2426 715 2608 802 quid-

581 845 768 908 quam
808 825 1073 909 praesidii
1106 840 1317 893 contra
1363 832 1705 915 potentium
1749 830 2072 895 libidinem
2115 828 2605 916 relinquebatur.

584 940 811 1005 Senatu
857 953 918 1005 et
959 945 1191 1008 caeteris
1233 940 1571 1009 honoribus
1608 946 1912 1009 exclusam
1937 993 1955 1027 ,
1994 955 2317 1029 paupertas
2357 952 2420 1006 et
2462 940 2614 1005 hinc

585 1063 965 1120 contractum
1016 1079 1095 1120 aes
1140 1059 1415 1123 alienum
1467 1060 1733 1147 patriciis
1772 1059 1968 1145 magis
2015 1057 2339 1122 obnoxiam
2386 1053 2614 1120 redde-

584 1168 774 1233 hant:
812 1171 921 1256 qui
952 1173 1163 1257 legum
1195 1174 1260 1236 in
1290 1174 1581 1239 obaeratos
1611 1175 1926 1239 severitate
1955 1174 2275 1237 abutentes
2322 1170 2402 1260 (ξ
2440 1169 2567 1258 72)
2594 1218 2615 1253 ,

588 1281 830 1367 plebem
870 1306 940 1349 eo
973 1284 1407 1371 desperationis
1438 1311 1619 1374 egere
1637 1337 1654 1370 ,
1682 1299 1752 1351 ut
1781 1287 1806 1378 (
1822 1288 1984 1351 circa
2013 1310 2068 1353 a.
2107 1291 2256 1351 260.
2277 1282 2337 1374 ),
2365 1295 2616 1348 auctore

590 1397 855 1482 quodam
886 1400 1116 1464 Sicinio
1138 1451 1156 1484 ,
1187 1401 1342 1467 urbe
1372 1402 1641 1487 patriciis
1664 1450 1682 1485 ,
1723 1412 1783 1467 et
1802 1455 1820 1485 ,
1851 1412 1922 1466 ut
1947 1400 2202 1488 quidam
2228 1399 2572 1484 conjiciunt
2606 1444 2624 1478 ,

591 1532 806 1575 eorum
848 1514 1173 1578 clientibus
1209 1513 1284 1604 1)
1318 1516 1525 1579 relicta
1549 1565 1568 1598 ,
1615 1517 1682 1578 in
1715 1517 1983 1580 Mentem
2031 1517 2288 1580 Sacrum
2315 1513 2394 1578 ad
2422 1514 2617 1577 Anie-

590 1648 738 1690 nem
764 1625 829 1713 2)
857 1630 1164 1692 secesserit
1185 1626 1273 1716 3).
1307 1630 1499 1693 Missis
1532 1651 1602 1692 ex
1631 1629 1786 1692 urbe
1816 1630 2030 1715 legatis
2048 1679 2065 1713 ,
2097 1652 2212 1716 pax
2241 1629 2582 1715 composita
2602 1677 2620 1711 ‚

594 1763 739 1806 cum
770 1743 887 1806 alia
920 1741 1117 1827 plebi,
1146 1754 1217 1806 ut
1261 1742 1543 1807 solvendo
1575 1742 1911 1828 imparibus
1939 1744 2076 1807 aeris
2111 1744 2298 1807 alieni
2327 1742 2625 1807 abolitio-

596 1877 785 1938 nem,
830 1854 1306 1920 concedentibus
1356 1857 1663 1941 patriciis,
1717 1866 1887 1939 tum,
1940 1868 2010 1920 ut
2058 1857 2330 1942 proprios
2385 1854 2461 1919 de
2512 1879 2621 1919 suo

598 1967 815 2033 ordine
856 1971 1243 2057 magistratus
1294 1983 1699 2036 sacrosanctos
1732 1971 1831 2062 (§.
1869 1969 2022 2060 71.)
2073 1971 2150 2035 ad
2194 1976 2336 2055 jura
2370 1992 2478 2034 sua
2506 1968 2622 2032 de-

599 2081 904 2148 fendenda
941 2095 1175 2148 crearet
1224 2083 1311 2174 4).
1368 2086 1567 2151 Creali
1606 2086 1672 2150 in
1723 2086 1851 2171 ipso
1880 2096 2091 2150 monte
2123 2083 2149 2178 (
2174 2080 2431 2171 duo?),
2461 2083 2582 2147 sive
2605 2132 2623 2164 ‚

600 2199 768 2284 quod
797 2209 941 2264 sunt
965 2201 1075 2286 qui
1104 2200 1479 2285 conjiciant,
1503 2212 1576 2264 ut
1601 2200 1744 2265 lecti
1773 2223 1807 2264 e
1839 2199 2104 2264 tribunis
2132 2199 2403 2262 militum
2425 2245 2442 2279 ‚
2470 2197 2591 2260 sive
2611 2246 2627 2279 ,
2663 2185 2666 2188 “

602 2313 765 2399 quod
816 2315 1017 2401 malo,
1066 2326 1137 2380 ut
1180 2317 1346 2402 plebi
1391 2317 1738 2404 praepositi,
1788 2316 2049 2380 Tribuni
2089 2314 2295 2379 Plebis
2342 2313 2629 2400 adpellati

604 2442 747 2493 sunt
779 2428 868 2519 5).
902 2433 1209 2494 Numerus
1238 2454 1377 2495 mox
1406 2432 1483 2494 ad
1520 2433 1798 2519 quinque
1839 2410 1907 2517 6)
1929 2480 1945 2513 ‚
1978 2441 2282 2516 postremo
2314 2428 2396 2520 (a.
2444 2424 2627 2514 297.)

604 2541 682 2606 ad
714 2540 925 2606 decem
957 2554 1172 2607 auctus
1202 2538 1290 2631 7).
1341 2543 1507 2607 Olim
1549 2544 1709 2608 inter
1749 2543 2020 2628 plebejos
2056 2544 2402 2629 promiscue
2424 2591 2441 2624 ,
2480 2564 2631 2626 sep-

606 2657 755 2721 timo
780 2655 912 2740 jam
947 2655 1116 2720 urbis
1146 2659 1365 2721 saeculo
1396 2658 1559 2720 inter
1597 2667 1900 2720 senatores
1935 2667 2177 2721 tantum
2215 2657 2486 2742 plebejos
2524 2657 2630 2718 lc·—

610 2771 947 2856 gebantur,
979 2770 1142 2857 quod
1187 2793 1431 2835 necesse
1467 2781 1557 2834 est
1587 2782 1719 2857 post
1761 2772 1963 2856 legem
2011 2770 2265 2835 demum
2314 2771 2584 2835 Atiniam
2612 2818 2629 2851 ,

606 2908 795 2972 quam
821 2909 872 2952 a.
907 2887 1056 2951 624.
1099 2885 1336 2950 faciunt
1365 2882 1480 2973 8),
1510 2885 1846 2971 placuisse,
1880 2907 2002 2972 qua
2034 2885 2169 2970 lege
2201 2886 2503 2949 Tribunos
2533 2906 2630 2949 se-

606 3010 846 3065 natores
884 3022 1012 3064 esse
1041 3000 1268 3082 factos,
1309 2998 1475 3085 apud
1507 2998 1781 3063 Gellium
1813 3000 1897 3086 9)
1941 2998 2252 3065 discimus.
2306 3000 2553 3065 Patricii
2597 3021 2643 3066 a.

607 3115 928 3179 tribunatu
980 3137 1221 3201 semper
1272 3112 1495 3179 exclusi
1542 3113 1647 3205 (ς.
1706 3110 1927 3202 181.),
1972 3124 2137 3178 certe
2186 3124 2499 3198 suspectus
2546 3124 2634 3177 est

610 3249 960 3313 repugnans
997 3228 1150 3292 Livii
1192 3229 1362 3292 locus
1409 3224 1542 3310 10).
1590 3228 1877 3292 Exclusos
1923 3229 2143 3311 etiam,
2187 3228 2414 3314 quibus
2464 3237 2635 3312 pater

611 3343 813 3409 curuli
855 3343 1215 3429 magistratu
1257 3345 1508 3407 functus
1553 3354 1893 3428 superstes,
1942 3354 2195 3407 testatur
2239 3342 2443 3405 Livius
2497 3340 2629 3428 11).

677 3557 727 3621 1)
753 3558 828 3606 Cf.
850 3559 992 3608 Nieb.
1013 3574 1062 3607 v.
1096 3557 1144 3606 1.
1168 3573 1221 3622 p.
1253 3557 1381 3625 412,
1406 3554 1614 3604 schulze
1655 3570 1707 3619 p.
1742 3556 1825 3604 51.
1844 3584 1904 3592 —
1925 3556 1957 3604 2
1978 3556 1995 3621 )
2020 3555 2183 3605 Plebis
2208 3555 2309 3614 (sic
2330 3554 2531 3618 proprie
2555 3554 2636 3601 di·

609 3652 812 3716 cuntur)
838 3649 1131 3700 secessiones
1151 3649 1316 3714 plures
1338 3653 1692 3710 memorantur,
1715 3646 1765 3693 in
1783 3647 1941 3710 iisqffl
1965 3648 2018 3694 iu
2037 3624 2356 3705 haustuum,
2381 3659 2483 3706 quo
2507 3643 2641 3692 hauc

611 3756 812 3803 quoque
845 3744 1024 3790 saetam
1046 3756 1149 3788 esse
1168 3776 1184 3801 ‚
1219 3744 1393 3787 auctor
1427 3742 1501 3785 est
1531 3735 1663 3784 Piso.
1698 3737 1877 3786 Contra
1914 3737 1996 3785 alii
2032 3743 2082 3785 et
2119 3738 2248 3785 banc
2271 3740 2350 3798 et,
2374 3751 2488 3799 qum
2508 3772 2524 3799 ,
2548 3736 2646 3784 De·

611 3833 839 3880 cemviris
861 3833 1224 3882 dominantibus
1251 3846 1330 3887 (a.
1358 3830 1539 3897 505.),
1567 3830 1802 3893 contigit,
1838 3829 1899 3875 ad
1924 3829 2138 3876 montem
2163 3830 2367 3877 Sacrum
2395 3827 2644 3888 reserunt5

612 3923 675 3971 de
714 3939 811 3985 qua
842 3924 946 3972 Cic.
971 3928 1031 3973 de
1054 3925 1184 3988 Περ.
1218 3925 1280 3987 9,
1316 3922 1415 3988 37,
1441 3951 1500 3960 »-
1524 3932 1575 3971 et
1590 3922 1822 3987 primum
1853 3914 2083 3968 Alsoneam
2105 3920 2354 3981 Sacrum,
2388 3921 2524 3966 sicut
2541 3922 2649 3964 emt

614 4014 672 4060 in
711 4015 873 4061 simili
904 4031 1061 4063 causa
1096 4024 1247 4064 antea
1273 4014 1473 4077 sactum
1492 4051 1508 4078 ,
1542 4015 1725 4062 deinde
1758 4012 2072 4061 Aventinum
2125 4017 2348 4056 annaeus
2385 4008 2646 4057 insedisse.

617 4101 756 4150 Idem
779 4139 794 4164 ‚
820 4101 851 4149 Ξ.)
862 4137 879 4164 ‚
918 4101 982 4149 33
993 4136 1013 4166 ,
1037 4102 1098 4150 de
1121 4102 1275 4150 altera
1301 4102 1572 4151 secessione
1593 4118 1607 4167 3
1626 4128 1691 4142 -
1708 4117 1825 4148 cum
1848 4104 1970 4145 casce
2008 4114 2068 4145 ex
2090 4113 2189 4144 oerc
2212 4098 2381 4146 alieno
2404 4103 2649 4146 commota

616 4188 794 4243 civitas
812 4226 829 4254 ,
848 4189 988 4256 plebs
1015 4196 1229 4241 montem
1256 4191 1476 4247 Sacrum
1506 4192 1662 4261 prius
1680 4223 1698 4253 ,
1734 4187 1914 4241 deinde
1936 4188 2251 4238 Aventinum
2283 4185 2565 4250 occuparit.
2587 4211 2645 4220 --
