3111 4829
1560 363 1808 446 (218)

681 503 795 567 vol.
835 502 970 576 vll.
1022 505 1081 586 pss
1124 502 1290 563 1342
1332 496 1512 585 sqq.)
1563 498 1637 561 In
1668 498 1900 561 caeteris
1939 507 2273 562 occurrunt
2310 495 2697 561 Gloriosissi-

680 637 863 696 mus,
902 614 1210 677 eximietas
1245 611 1310 699 1)
1333 661 1350 694 ,
1391 610 1848 696 magnificentia
1870 658 1889 693 ‚
1915 610 2271 674 Sublimitas
2291 659 2308 692 ,
2346 609 2654 674 Celsitudo
2677 657 2695 693 ,

685 729 945 794 Culmen
966 724 1043 814 ⁴2)
1093 722 1392 817 (ὁπιροχῆ)
1415 773 1432 806 ,
1476 724 1586 810 qui
1631 735 1773 789 sunt
1813 725 1882 787 in
1921 724 2223 788 consuetis
2261 724 2693 789 Praefectorum

679 841 966 905 Praetorio
1016 839 1210 902 titulis
1236 887 1255 920 ,
1305 838 1581 902 Gravitas
1602 886 1620 918 ,
1669 836 2211 902 Perfectissimatus
2235 884 2254 917 ,
2293 837 2690 922 Egregiatus‚

677 953 799 1020 alia
828 955 1043 1018 multa.
1362 959 1365 962 '
2181 968 2186 974 ·

743 1089 795 1149 1)
817 1088 892 1135 cr.
918 1087 1221 1161 symmsto,
1252 1084 1335 1136 ⁷9.
1357 1112 1418 1124 -
1437 1085 1489 1152 a)
1516 1085 1678 1150 Ipdus
1699 1084 1941 1151 Principi·
1963 1099 2026 1151 ap
2045 1086 2229 1150 symm.
2257 1086 2319 1136 18
2335 1122 2356 1154 ,
2376 1084 2459 1137 612

768 1229 919 1292 237.
968 1227 1242 1313 Insignia
1282 1248 1390 1312 pro
1430 1197 1728 1312 dignitate
1773 1237 1833 1291 et
1874 1227 2239 1290 muneribus
2269 1229 2433 1292 varia
2461 1277 2479 1311 ,
2526 1230 2694 1292 velut

679 1351 1039 1426 carpentum
1073 1340 1164 1427 (§.
1216 1336 1407 1426 225.)
1442 1349 1503 1404 et
1524 1339 1689 1403 cerei
1722 1338 2005 1404 ardentes
2043 1338 2479 1405 Pr'aefectorum
2522 1342 2695 1404 Prae-

675 1456 829 1519 torio
853 1467 911 1518 et
938 1455 1117 1518 Urbis
1138 1452 1221 1541 (v.
1248 1452 1331 1517 ib.
1360 1475 1419 1537 p.
1454 1453 1647 1518 1396.
1677 1464 1736 1533 et
1768 1452 2021 1541 1798.),
2041 1454 2242 1540 clypei
2269 1455 2693 1539 Magistrorum
2794 1511 2804 1522 .

675 1567 938 1634 Militum
955 1568 1223 1662 ,Jquibus
1245 1568 1562 1653 legionum
1581 1616 1598 1649 ,
1628 1568 2005 1651 cohortium,
2033 1568 2510 1653 vexillationum,
2539 1570 2695 1634 alio—

672 1702 939 1766 rumque
969 1677 1258 1742 ordinum
1288 1678 1553 1764 insignia
1597 1679 1718 1742 sive
1750 1680 2034 1764 symbola
2067 1679 2305 1766 depicta
2333 1680 2698 1746 exhibentur

675 1793 788 1880 (ib.
806 1810 950 1878 pag.
980 1788 1227 1877 1412.),
1250 1802 1313 1856 et
1327 1790 1656 1856 Castrensis
1675 1814 1905 1857 mensae
1925 1793 2076 1858 vasis
2099 1803 2157 1858 et
2181 1795 2443 1879 panibus
2463 1806 2696 1860 onustae

675 1906 800 1996 (ib.
858 1903 1123 1993 1570.);
1169 1906 1289 1972 alia
1331 1917 1544 1972 contra
1590 1908 1800 1971 multis
1839 1905 2243 1994 dignitatibus
2264 1957 2283 1993 ,
2332 1919 2398 1973 ut
2425 1910 2652 1975 abacus
2678 1958 2698 1994 ,

674 2031 874 2102 tapeto
904 2020 1189 2082 instratus
1210 2068 1227 2102 ,
1259 2018 1574 2110 imagines·
1598 2020 1960 2106 Principum
1987 2021 2076 2111 (v.
2104 2021 2188 2086 ib.
2223 2020 2442 2110 1389.)
2468 2071 2487 2105 ,
2536 2044 2697 2086 mu-

677 2136 854 2198 lieres
876 2182 892 2215 ,
930 2132 1269 2224 provincias
1300 2132 1686 2220 magistratui
1712 2133 2015 2218 subjectas
2038 2149 2536 2222 repraesentantes
2562 2138 2693 2228 (ib.

673 2269 813 2335 pag.
850 2247 1105 2335 1621.)‚
1145 2259 1252 2312 aut
1297 2250 1663 2335 regionum,
1713 2249 2040 2316 urbiumve
2083 2254 2314 2339 effigies
2344 2253 2467 2342 (ib.
2500 2256 2690 2320 1683.

674 2354 709 2428 ,1
725 2361 903 2452 755.)
926 2388 942 2447 3
983 2363 1131 2446 alia,
1155 2374 1227 2427 ut
1266 2363 1424 2428 liber
1455 2362 1924 2448 mandatorum,
1952 2365 2148 2431 forma
2171 2366 2468 2453 quadrata
2492 2418 2509 2452 ,
2549 2391 2698 2434 om-

674 2479 858 2544 nibus
885 2479 1012 2542 fere
1036 2477 1410 2542 communia.
2079 2484 2093 2499 “

767 2594 1069 2659 Caeterum
1093 2592 1357 2677 insignia
1384 2591 1567 2655 simul
1601 2612 1748 2655 cum
1772 2589 2143 2677 dignitatum
2162 2642 2179 2677 ,
2208 2596 2657 2680 provinciarum
2681 2646 2700 2681 ,

674 2708 991 2792 copiarum
1015 2754 1032 2789 ,
1070 2702 1456 2791 aliorumque
1497 2704 1704 2767 indice
1747 2704 1919 2769 libris
1961 2707 2084 2770 sive
2128 2706 2442 2773 codicibus
2487 2712 2697 2773 conti—

671 2823 1018 2903 nebantur,
1051 2822 1495 2884 laterculorum·
1534 2821 1787 2884 nomine
1825 2821 2024 2885 notis:
2076 2844 2343 2909 quorum
2389 2825 2648 2888 alterum
2678 2810 2725 2908 ,⁸

634 2984 641 2991 -
670 2939 876 3025 majus
914 2937 1287 3023 adpellatum
1325 2935 1447 3025 (ib.
1488 2935 1758 3022 1578.),
1790 2937 1904 3002 sub
1934 2940 2278 3004 Primicerii
2310 2941 2698 3006 Notariorum

676 3076 827 3119 cura
848 3101 865 3135 ,
896 3073 1110 3116 omnes
1144 3051 1533 3137 magistratus
1563 3052 1770 3116 civiles
1806 3064 1867 3116 et
1891 3054 2215 3137 militares,
2240 3058 2501 3142 exceptis
2527 3056 2701 3120 limi-

678 3165 872 3230 taneis
893 3213 911 3247 ,
952 3165 1210 3228 alterum
1236 3212 1253 3246 ,
1300 3164 1507 3227 minus
1528 3213 1547 3248 ,
1595 3165 1710 3229 sub
1751 3166 2082 3261 Quaestoris
2123 3189 2269 3233 cura
2319 3169 2444 3259 (ib.
2509 3170 2694 3235 1518.

604 3271 611 3278 ’
680 3274 917 3364 1689.)
943 3325 960 3359 ,
987 3278 1305 3341 Praefectos
1328 3326 1345 3360 ,
1370 3276 1675 3342 Tribunos
1700 3289 1760 3344 et
1787 3280 2141 3367 Praepositos
2168 3293 2504 3347 castrorum
2528 3282 2704 3346 limi-

680 3401 816 3454 tum
841 3390 1375 3475 complectebatur.
1410 3390 1466 3456 A
1503 3392 1781 3458 laterculi
1811 3396 2128 3481 praeposito
2153 3396 2539 3481 magistratus
2580 3417 2704 3459 co-

681 3504 917 3569 dicillos
939 3503 1062 3567 sive
1097 3502 1362 3588 tabulas»,
1392 3506 1618 3592 quibus
1649 3508 2159 3591 nominabantur,
2184 3530 2327 3572 cum
2351 3507 2732 3591 insignibus.

682 3618 1105 3706 accipiebant,
1127 3618 1294 3683 unde
1328 3642 1364 3685 c
1400 3620 1694 3685 laterculo
1722 3623 1951 3707 majore
1974 3672 1990 3705 ,
2021 3623 2259 3686 minore
2280 3618 2477 3682 emitti
2501 3619 2526 3707 (
2543 3642 2703 3705 pro-

685 3733 858 3821 dire)
885 3733 1179 3798 dicuntur
1207 3734 1333 3824 (ib.
1375 3740 1568 3801 1574.
1614 3738 1805 3802 1689.
1836 3738 1930 3803 cf.
1957 3735 2103 3823 Lyd.
2135 3739 2172 3797 3
2199 3781 2215 3815 ,
2242 3736 2278 3795 4
2305 3741 2366 3795 et
2394 3729 2502 3819 7.)
2525 3733 2702 3815 Qui—

685 3843 828 3909 dam
850 3856 1055 3911 tamen
1089 3817 1465 3933 excipiendi,
1490 3843 1773 3914 e'scrinio
1797 3848 2187 3933 epistolarum
2213 3843 2604 3930 prodeuntes.

775 3961 926 4022 238.
963 3961 1293 4045 Copiarum
1319 3984 1442 4025 non
1467 3985 1647 4047 parva
1673 3975 1761 4027 est
1781 3984 1818 4026 a
1839 3958 2203 4025 muneribus
2223 3958 2481 4045 aliisque
2504 3958 2702 4023 causis

675 4072 958 4157 varietas,
984 4076 1299 4161 multaque
1326 4076 1575 4141 nomina
1608 4084 1943 4142 occurrunt
1983 4073 2062 4141 ab
2097 4074 2346 4161 antiqua
2381 4074 2699 4138 Romano-
