3111 4829
1305 368 1560 451 (377)

445 537 2404 584 ἓξὲξ-ΜΞ,

1232 700 1486 771 CAPUT
1522 708 1632 777 Vl.

418 907 891 974 AcnrcuvrunA,
932 913 1214 970 Quffiswus
1236 941 1254 977 ‚
1296 915 1526 978 Aures,
1564 913 1981 981 usnemun,
2023 915 2405 964 romaum
2429 946 2448 983 ‚

530 1025 876 1072 luvra-Amo
896 1055 914 1090 ‚
965 1029 1152 1091 num,
1203 1028 1484 1073 sonnium
1503 1057 1520 1092 ‚
1568 1029 1906 1097 mansuum,
1951 1033 2351 1079 menemus.

1178 1200 1704 1249 ψ

516 1373 667 1440 378.
716 1371 942 1440 Ultimo
970 1374 1092 1440 hoc
1116 1375 1330 1461 prioris
1355 1367 1636 1446 sectionis
1663 1374 1861 1461 capite
1882 1373 2218 1462 conjuncta
2246 1381 2455 1465 posui-

420 1508 561 1551 mus
581 1538 597 1570 ,
621 1511 760 1576 quae
789 1490 1105 1554 communi
1130 1490 1382 1552 nomine
1410 1486 1631 1552 idonee
1656 1489 1981 1574 complecti
2006 1513 2132 1555 non
2162 1490 2453 1576 dabatur,

423 1601 705 1688 quaedam
738 1603 877 1667 talia
901 1651 918 1684 ‚
961 1613 1031 1666 ut
1074 1603 1416 1668 accuratius
1458 1599 1831 1665 discernenti
1881 1613 2050 1688 parte
2094 1603 2171 1668 ad
2203 1605 2454 1689 publica

422 1717 735 1801 instituta,
777 1729 946 1803 parte
974 1716 1050 1782 ad
1090 1717 1319 1803 privata
1353 1713 1676 1780 reserenda
1715 1725 1931 1780 essent.
1966 1716 2087 1780 Nos
2122 1727 2457 1805 utramque

429 1833 727 1898 rationem
777 1832 1068 1896 libentius
1117 1829 1594 1914 conjunximus,
1635 1824 2017 1914 paucissimis
2060 1825 2257 1893 verbis
2310 1852 2462 1894 cur-

429 1949 666 2032 simque
698 1967 794 2009 res
823 1945 1189 2030 attingentes
1211 1991 1228 2026 ,
1269 1965 1420 2030 quas
1452 1942 1566 2006 rite
1599 1952 1660 2006 et
1694 1964 1800 2026 pro
1833 1927 2126 2028 gravitate
2156 1944 2460 2029 explicare

430 2080 635 2145 neque
675 2058 914 2122 consilii
942 2056 1131 2121 nostri
1159 2066 1247 2122 est
1274 2075 1478 2143 neque
1508 2054 1798 2141 temporis
1827 2054 2194 2120 lectionibus
2231 2057 2460 2121 nostris

437 2170 858 2258 impendendi.

1212 2323 1682 2375 marcomirus.

519 2475 913 2564 Agricultura
935 2473 1132 2560 prisco
1158 2484 1430 2559 tempore
1450 2474 1723 2538 Romani
1747 2495 1874 2538 non
1900 2485 2027 2539 tam
2055 2472 2468 2560 potissimum,

430 2610 619 2675 quam
649 2611 822 2676 paene
853 2589 976 2653 sola
1003 2584 1326 2670 vivebant3
1366 2586 1553 2673 idque
1600 2608 1747 2651 cum
1789 2587 1956 2673 leges
1993 2610 2210 2652 eorum
2245 2588 2473 2653 vetus-

432 2704 677 2768 tissimae
710 2700 807 2791 1),
846 2712 978 2765 tum
1009 2700 1349 2766 celebrium
1374 2700 1686 2785 virorum,
1721 2712 1790 2764 ut
1818 2701 2037 2783 Quinti
2070 2703 2469 2790 Cincinnati,
2557 2712 2558 2715 ’

431 2819 606 2885 Atilii
656 2817 938 2901 Serrani,
987 2814 1161 2880 Atilii
1207 2814 1479 2900 Reguli,
1523 2815 1799 2900 exempla
1849 2813 2161 2881 declarant
2208 2816 2298 2907 2).
2347 2821 2470 2886 Sed

434 2953 574 3018 quae
598 2980 614 3014 ,
642 2932 896 3018 integris
920 2930 1105 2995 etiam
1136 2928 1444 3012 moribus,
1472 2928 1930 3012 jucundissima
1957 2928 2083 2995 visa
2106 2941 2167 2994 et
2189 2914 2470 3018 ingenuo

435 3043 790 3129 dignissima
835 3043 992 3125 vita,
1038 3039 1254 3105 eadem
1301 3040 1655 3105 divitiarum
1705 3062 1913 3105 amore
1962 3045 2267 3129 corruptis
2310 3066 2477 3109 con-

438 3157 634 3223 temni
671 3155 894 3242 erepit,
938 3164 1262 3240 postquam
1298 3153 1746 3240 simplicissima
1780 3153 2088 3237 majorum
2131 3155 2360 3240 praedia
2403 3159 2471 3223 in

440 3281 779 3337 sumtuosas
812 3269 980 3333 villas
1009 3278 1382 3334 commutata
1409 3314 1426 3349 ,
1465 3264 1762 3331 ditiorum
1799 3265 1879 3331 ab
1919 3267 2174 3331 urbanis
2209 3271 2472 3356 negotiis

441 3387 704 3473 refugia.
734 3385 947 3470 Neque
984 3395 1192 3449 tamen
1225 3384 1318 3447 vel
1346 3394 1480 3446 tum
1512 3380 1768 3447 defuere
1788 3430 1808 3467 ‚
1840 3381 1950 3468 qui
1988 3381 2326 3447 fundorum
2353 3407 2472 3451 cu-

442 3525 576 3569 ram
621 3523 747 3567 non
789 3500 1184 3586 refugerent,
1224 3497 1510 3562 nonnulli
1553 3496 1706 3563 adeo
1741 3508 2016 3561 amantes
2060 3499 2153 3561 rei
2190 3500 2432 3564 rusticae
2456 3549 2476 3585 ‚

445 3629 517 3681 ut
559 3617 905 3682 universam
949 3613 1189 3699 scriptis
1231 3612 1621 3698 exposuerint
1671 3607 1762 3699 3).
1807 3610 1930 3677 Sed
1975 3611 2152 3676 bellis
2196 3612 2477 3678 civilibus

446 3741 785 3796 comsumta
811 3728 1035 3794 rustica
1061 3727 1229 3813 prole
1250 3774 1267 3809 ,
1308 3726 1656 3811 passimque
1698 3723 1909 3788 fundis
1942 3725 2191 3810 spoliato
2222 3727 2436 3792 colono
2458 3750 2483 3812 ,·

450 3864 648 3929 quum
684 3843 751 3908 in
793 3863 1133 3929 paucorum
1179 3839 1452 3905 dominio
1512 3848 1665 3903 esset
1714 3837 1905 3901 Italiae
1952 3838 2148 3901 solum
2171 3886 2190 3923 ‚
2237 3842 2483 3908 cultura

438 3942 639 4020 'servis
695 3958 988 4041 permissa
1035 3950 1103 4042 4)
1127 4004 1145 4039 ,
1191 3965 1459 4019 extremo
1509 3951 1807 4016 libertatis
1850 3962 2123 4038 tempore
2169 3975 2313 4020 rura
2359 3954 2484 4021 de-

455 4082 611 4139 serta
651 4072 824 4139 fuere
851 4121 870 4157 ,
915 4071 1126 4160 egenis
1164 4068 1521 4137 hominibus
1560 4069 1630 4134 in
1673 4066 1897 4156 oppida
1938 4077 2001 4133 et
2035 4067 2301 4135 Romam
2344 4091 2482 4134 ma-

2082 4179 2159 4240 48
