3111 4829
1561 340 1817 427 (476)

794 479 952 549 ‘482
999 481 1341 548 Divertium
1362 489 1423 543 et
1458 478 1829 565 antiquiores
1848 526 1867 562 ,
1904 488 1964 542 et
2000 479 2097 543 lex
2141 477 2261 541 XII
2290 476 2483 543 Tabb.
2538 501 2753 545 con-

700 592 985 678 cedebat,
1028 594 1271 658 sedviro
1300 603 1538 658 tantum
1565 639 1585 676 ,
1630 614 1755 656 non
1802 614 1987 656 uxore
2024 591 2372 678 flagitante,
2418 615 2537 657 uec
2577 594 2745 660 sine

699 712 865 796 gravi
916 732 1115 776 causa.
1156 711 1410 774 Temere
1463 705 1886 792 repudiantem
1938 709 2031 771 lex
2087 705 2342 773 Romuli
2393 707 2742 774 bonorum

700 825 1021 888 amissione
1055 823 1385 907 multabat,
1427 831 1661 907 partem
1703 820 1877 885 uxori
1914 821 2190 885 tribuens
2216 869 2235 906 ,
2275 821 2529 885 alteram
2579 823 2748 886 Ce—

697 936 821 1001 reri
841 958 1195 1001 consecrans
1233 932 1316 1023 1).
1349 936 1515 999 Inter
1554 945 1749 1018 Justas
1791 955 2000 999 causas
2023 946 2408 1018 memorant,
2451 936 2502 999 si
2532 934 2747 998 adul-

697 1059 828 1113 tera
875 1072 1022 1114 uxor
1046 1099 1063 1133 ‚
1099 1049 1151 1113 si
1191 1048 1457 1113 venefica
1481 1096 1499 1131 ,
1541 1047 1594 1110 si
1641 1045 1860 1111 liberos
1900 1048 2127 1112 alienos
2160 1070 2269 1133 pro
2312 1047 2437 1111 suis
2483 1069 2741 1133 suppo-

701 1163 951 1244 suisset,
984 1152 1092 1225 aut
1141 1183 1278 1225 suos
1319 1161 1705 1247 peremisset,
1749 1160 1801 1225 si
1856 1160 2125 1247 proprias
2163 1161 2288 1242 viro
2342 1162 2538 1226 claves
2589 1160 2736 1226 sibi

700 1273 1006 1339 faciendas
1064 1286 1369 1359 curasset,
1424 1275 1475 1340 si
1519 1275 1733 1340 vinum
1784 1297 1856 1340 eo
1911 1276 2098 1339 invito
2144 1275 2396 1339 bibisset
2440 1271 2527 1362 2).
2582 1274 2730 1339 Sed

699 1387 822 1451 illis
863 1384 1267 1477 temporibus,
1308 1390 1600 1477 singulari
1632 1412 1876 1457 morum
1916 1391 2183 1456 castitate
2206 1439 2223 1474 ,
2259 1390 2555 1455 rarissima
2594 1401 2731 1456 aut

701 1504 877 1569 nulla
920 1503 1172 1569 divortia
1217 1501 1328 1593 3);
1366 1503 1580 1570 eadem
1621 1504 1687 1569 iu
1721 1514 2000 1590 corrupta
2048 1504 2287 1568 civitate
2328 1502 2729 1591 frequentia,

705 1638 862 1702 saepe
912 1618 1313 1701 levissimam,
1360 1616 1671 1681 interdum
1697 1617 1917 1703 ,'quod
1969 1616 2045 1680 de
2083 1617 2334 1682 AEmilio
2375 1618 2562 1681 Paulo
2605 1639 2731 1681 re-

699 1731 910 1793 ferunt
933 1778 950 1812 ‚
990 1731 1226 1793 nullam
1254 1751 1496 1794 causam
1526 1729 1837 1794 adferente
1865 1729 2012 1795 viro.
2048 1728 2315 1814 Quidam
2347 1740 2520 1793 aetate
2550 1751 2730 1815 pro—

701 1842 989 1906 vectiores
1032 1840 1470 1927 repudiabant3
1513 1842 1764 1929 quidam
1807 1841 1958 1907 adeo
2011 1842 2287 1907 moribus
2334 1842 2594 1906 infames
2636 1866 2729 1909 eo

701 1955 907 2019 animo
942 1953 1286 2042 ducebant,
1325 1967 1427 2040 ut,
1469 1955 1771 2024 adulteras
1798 1978 1935 2021 mox
1971 1958 2265 2043 pellentes
2286 2005 2305 2041 ,
2351 1956 2487 2020 dote
2523 1956 2725 2039 poti-

700 2078 952 2154 rentur,
991 2092 1177 2158 quam
1203 2119 1221 2155 ,
1264 2071 1435 2135 nulla
1466 2069 1739 2157 legitima
1783 2068 2018 2151 repudii
2045 2092 2226 2132 causa
2260 2117 2279 2150 ,
2325 2067 2420 2131 lex
2451 2065 2725 2133 reddero

693 2184 959 2267 juberet.
992 2186 1117 2246 Nec
1142 2184 1345 2246 miuus
1374 2183 1661 2248 mulieres
1698 2178 1944 2243 maritos
1966 2179 2003 2262 ,'
2029 2190 2333 2265 quantum
2384 2180 2668 2267 intelligo
2690 2229 2715 2265 ‚

697 2306 804 2366 aut
846 2295 1101 2380 impune
1140 2305 1247 2362 aut
1281 2295 1400 2359 levi
1440 2293 1826 2360 incommodo
1868 2269 2220 2361 deserebant
2270 2291 2361 2384 4).
2403 2295 2580 2362 Foeda
2611 2297 2720 2360 li·-

699 2407 898 2480 centia
936 2408 1176 2497 legibus
1224 2406 1594 2497 quandoque
1617 2458 1635 2493 ,
1681 2407 1785 2474 sed
1819 2409 2037 2474 frustra
2074 2410 2356 2485 coercita.
2404 2410 2723 2477 Caeremo-

603 2516 609 2523 ⁶
698 2526 820 2589 niae
865 2517 1052 2593 'etiam
1097 2524 1333 2590 divortii
1358 2573 1378 2609 ,
1422 2546 1544 2611 quo
1590 2523 1906 2589 reserenda
1955 2522 2279 2609 repudiare
2307 2572 2327 2609 ,
2374 2527 2716 2612 repudium

698 2638 1092 2721 renuntiare,
1139 2637 1417 2722 mittere,
1461 2637 1770 2705 remittere
1798 2684 1816 2720 ,
1859 2636 2119 2721 dicere,
2145 2638 2491 2729 antiquiore
2532 2650 2717 2704 tem-

696 2772 843 2837 pore
899 2772 1008 2836 pro
1059 2749 1354 2818 connubii
1408 2767 1632 2830 genere
1679 2747 1963 2826 diversae,
2015 2769 2138 2832 quo
2183 2749 2511 2816 trahuntur
2564 2749 2718 2816 dif-

695 2863 978 2937 farreatio
1006 2868 1069 2922 et
1101 2857 1517 2943 remancipare
1564 2854 1673 2946 6),
1713 2857 2028 2943 pauciores
2067 2871 2315 2927 servatae
2333 2886 2352 2947 3
2384 2863 2451 2927 in
2475 2863 2713 2949 quibus

695 2975 919 3040 tabulae
964 2974 1266 3060 nuptiales
1303 2993 1507 3038 coram
1530 2982 1759 3057 septem
1800 2970 2051 3036 testibus
2094 2973 2300 3040 fractae
2352 2973 2462 3064 6),
2509 2977 2712 3042 claves

693 3089 865 3157 uxori
902 3086 1158 3155 ademtae
1197 3060 1403 3174 7)‚‘et
1441 3076 1756 3179 formul'ae:
1801 3106 1896 3150 res
1939 3094 2074 3149 tuas
2109 3085 2221 3149 tibi
2262 3085 2518 3171 habeto,
2563 3099 2709 3156 tuas

693 3225 789 3270 res
825 3202 935 3266 tibi
972 3201 1138 3288 agito
1163 3249 1183 3285 ,
1223 3198 1359 3284 exi,
1409 3198 1502 3264 exi
1539 3196 1751 3282 ocius,
1794 3195 1943 3262 vade
1994 3197 2187 3281 foras,
2230 3210 2299 3295 et⁸
2341 3201 2562 3269 similia
2604 3199 2709 3292 8),

690 3318 858 3388 unde
910 3329 969 3382 et
1011 3316 1233 3401 ejicere
1287 3316 1445 3380 foras
1467 3363 1485 3397 ,
1539 3313 1778 3400 exigere
1829 3314 1986 3381 foras
2035 3310 2127 3403 9).
2175 3314 2410 3382 Absens
2449 3318 2706 3404 epistola

688 3433 1018 3503 divortium
1049 3431 1221 3498 uxori
1260 3428 1621 3511 nuntiabat,
1657 3450 1778 3515 quo
1802 3428 2063 3513 pertinet
2094 3433 2501 3517 renuntiatio,
2525 3455 2706 3499 nun-

685 3549 843 3616 tium
887 3546 1196 3614 remittere
1247 3544 1421 3608 uxori
1477 3538 1608 3631 10).
1647 3541 2004 3609 omittimus
2042 3544 2182 3611 alia.

744 3759 797 3819 1)
829 3758 892 3807 V.
916 3757 1046 3806 Plut.
1065 3757 1117 3805 in
1139 3754 1294 3817 Rom„
1319 3755 1417 3821 22‘,
1440 3754 1502 3804 ad
1524 3769 1738 3820 eumque
1760 3755 1929 3807 locum
1951 3756 2158 3807 Dirbeu
2185 3758 2442 3808 Vereueho
2461 3795 2477 3821 ,
2499 3774 2556 3824 p.
2574 3758 2703 3810 298·

686 3875 746 3885 -—
772 3849 825 3909 2)
846 3850 920 3898 Cf.
944 3848 1075 3898 Plut.
1099 3848 1152 3895 in
1174 3847 1346 3911 Rom„
1370 3846 1497 3896 Gen.
1524 3845 1604 3910 10,
1629 3846 1723 3913 25,
1744 3847 1872 3896 Ptin.
1900 3846 1980 3912 u,
2009 3847 2206 3914 12.-5)
2242 3848 2317 3898 ef.
2341 3850 2468 3899 Gell-
2491 3849 2544 3912 ⁴,
2574 3848 2660 3900 13.
2681 3882 2702 3911 ‚

683 3937 845 3986 valer.
864 3939 928 3986 Bi.
950 3938 1041 3987 21
1067 3974 1084 4001 ‚
1103 3936 1163 4002 4,
1183 3938 1380 4004 Dionys.
1419 3935 1470 4001 2,
1497 3935 1580 3986 25.
1603 3934 1736 4002 -4)
1770 3937 1848 3989 Cf.
1870 3937 1999 4009 ‘Cim
2033 3939 2105 3992 ad
2132 3938 2260 3993 Dio.
2279 3937 2348 4007 8,
2399 3937 2462 4007 7,
2482 3938 2601 3991 Seu.
2630 3942 2715 3993 ἅθ’

692 4029 820 4082 Bm.
843 4027 893 4093 ὅ,
914 4027 975 4080 16
991 4063 1007 4094 ,
1027 4029 1168 4081 lert.
1192 4029 1244 4097 6,
1256 4028 1311 4098 7,
1328 4030 1505 4084 Juven·
1523 4028 1578 4097 6,
1594 4027 1716 4083 224:
