3111 4829
1516 428 1540 506 (
1582 423 1663 485 86
1701 428 1726 505 )

596 554 1034 640 distinguitur,
1081 555 1193 642 qui
1235 556 1548 634 fulmine,
1592 558 1688 621 vel
1732 556 1843 622 ubi
1885 555 2147 620 fulmine
2191 556 2329 642 quis
2369 556 2627 619 ictus-et

595 670 905 754 sepultae,
936 692 1125 757 quem
1160 693 1343 736 muro
1377 671 1752 736 circumdari
1773 721 1790 755 ,
1822 682 1884 736 et
1912 670 2197 754 bidente,
2225 691 2338 733 ove
2369 669 2583 735 bienni
2605 719 2623 752 ,

590 784 906 848 immolata
937 786 1201 871 expiari,
1231 808 1363 850 mos
1405 793 1475 850 11
1502 783 1548 873 ).

656 895 809 959 1)v.
830 896 933 963 Caj.
955 900 1014 960 2,
1036 900 1086 947 2.
1108 926 1170 935 —-
1188 899 1249 963 2)
1277 898 1338 946 V.
1358 899 1503 947 Hein.
1528 899 1588 964 2,
1615 899 1670 962 1,
1690 897 1892 963 5.·-—5)
1916 897 2019 962 caj.
2042 897 2104 960 2,
2125 896 2186 961 8,
2203 896 2405 947 Sancte
2423 913 2626 962 quoque

586 1006 691 1052 ns,
717 991 853 1038 velut
874 993 1015 1038 muri
1026 998 1074 1039 et
1086 992 1276 1055 portoe',
1298 993 1664 1054 quodammodo
1681 992 1851 1039 divini
1852 990 1996 1053 juris
2011 996 2152 1036 sunt.
2173 1016 2233 1023 —
2252 986 2313 1051 4)
2340 984 2535 1037 Imm).
2560 989 2621 1052 2,

520 1118 523 1123 .
586 1080 611 1128 1
632 1116 648 1142 ‚
674 1079 724 1127 8.
746 1079 821 1128 Cf.
847 1080 949 1145 Caj.
969 1081 1035 1145 2,
1060 1081 1110 1129 4.
1133 1111 1193 1118 —
1216 1081 1278 1147 5)
1306 1082 1596 1146 cr.1,iv.1,
1618 1081 1844 1145 55.—6)
1871 1080 1948 1129 Cs.
1977 1078 2050 1128 ib.
2081 1075 2126 1147 §.
2152 1078 2284 1127 7.—
2305 1077 2369 1141 7)
2392 1078 2453 1140 2,
2482 1077 2534 1126 4.
2556 1105 2618 1115 —-

585 1166 655 1233 8)
678 1168 752 1217 cf.
774 1169 877 1217 Cic.
900 1171 961 1218 de
979 1170 1041 1219 L.
1063 1171 1095 1219 2
1113 1208 1129 1235 ‚
1155 1170 1237 1221 24.
1258 1200 1318 1208 -—
1336 1173 1398 1236 9)
1423 1172 1527 1237 Caj.
1552 1172 1615 1235 2,
1657 1171 1689 1221 6
1708 1208 1724 1234 ,
1766 1171 2058 1235 rel-‘qimam
2091 1185 2207 1218 vero
2239 1176 2412 1219 nostra
2436 1170 2619 1218 volun-

587 1260 687 1306 tate
700 1257 929 1319 facimus
947 1268 1205 1308 „nortuum
1227 1260 1500 1323 inserentes
1514 1264 1573 1310 in
1599 1263 1764 1310 locum
1780 1268 2011 1311 ,nostrum
2021 1296 2040 1326 ,
2065 1263 2116 1309 si
2137 1262 2282 1310 modo
2301 1262 2412 1324 ejus
2427 1262 2624 1310 mortus·

578 1349 750 1412 sunus
772 1351 844 1399 ad
864 1366 957 1399 nos
978 1354 1253 1415 pertineat.
1271 1379 1332 1390 —-
1353 1351 1444 1417 10)
1468 1353 1532 1403 V.
1550 1354 1698 1417 Heia.
1732 1354 1794 1417 2,
1831 1352 1853 1403 1
1880 1390 1896 1418 ,
1929 1352 1981 1403 δ.
2003 1381 2066 1391 -
2084 1352 2178 1419 11)
2204 1350 2280 1401 Cf.
2307 1351 2427 1399 nor.
2452 1353 2520 1400 A.
2546 1351 2613 1401 Ρ.

582 1436 701 1488 471.
719 1439 855 1489 Pers.
878 1440 938 1506 2,
959 1440 1043 1491 27.

677 1534 787 1596 95.
836 1533 960 1596 Res
984 1531 1176 1597 divini
1199 1533 1359 1618 juris
1380 1583 1397 1618 ,
1431 1545 1640 1621 utpote
1669 1533 1927 1600 deorum
1964 1535 2032 1599 in
2062 1534 2337 1599 dominio
2360 1534 2568 1619 positae
2597 1580 2617 1615 ,

587 1644 805 1728 privati
830 1667 956 1711 esse
986 1670 1111 1712 non
1142 1660 1421 1734 poterant
1458 1648 1523 1737 1)
1546 1675 1564 1735 ;
1591 1673 1793 1736 neque
1825 1674 1897 1715 ex
1926 1651 2001 1715 iis
2020 1650 2363 1738 quidquam
2387 1645 2613 1729 vendi3

588 1757 756 1822 unde
779 1761 1148 1826 Heineccius
1174 1759 1282 1849 2),
1308 1763 1374 1826 in
1399 1764 1771 1828 commercio
1799 1786 1924 1828 non
1957 1764 2142 1827 fuisse
2175 1761 2497 1848 sepulchra
2517 1757 2611 1846 3).

583 1872 711 1936 Nec
734 1895 870 1938 vero
892 1875 1135 1959 injussu
1157 1877 1467 1941 Pontificis
1488 1876 1746 1942 aedificia
1775 1889 1881 1943 aut
1911 1875 2027 1941 diis
2058 1876 2420 1939 manibusve
2443 1896 2613 1938 con-

583 2000 973 2072 secrare,aut
1001 2002 1349 2055 conscerata
1372 2004 1713 2057 restaurare
1733 1993 1990 2073 licebat3
2018 1989 2360 2077 eademque
2393 1987 2611 2073 profa-
2695 1978 2704 1989 ’

582 2100 680 2164 nis
711 2103 924 2168 usibus
973 2102 1299 2169 interdicta
1348 2107 1685 2171 manebant
1731 2104 1822 2193 4).
1858 2107 2066 2187 Quare
2121 2126 2239 2170 nec
2282 2103 2611 2188 sepulturae

582 2218 772 2281 semel
790 2218 995 2283 dicata·
1018 2219 1149 2283 loca
1173 2268 1191 2303 ,
1224 2218 1328 2284 sed
1368 2221 1473 2305 jus
1495 2232 1739 2286 tantum
1773 2219 2081 2284 inferendi
2104 2229 2422 2283 mortuum
2446 2215 2613 2282 alie-

583 2331 721 2394 nari
778 2334 1145 2419 permissum
1177 2329 1265 2422 5).
1315 2336 1440 2399 Res
1486 2346 1721 2401 sanctas
1753 2345 1986 2399 veteres
2028 2333 2308 2421 plerique
2349 2354 2385 2397 a
2417 2332 2614 2394 multa

573 2468 865 2530 poenave,
914 2471 1013 2513 eas
1061 2449 1310 2513 violanti
1354 2462 1564 2514 sancta
1598 2449 1666 2537 G)
1693 2500 1709 2534 ,
1762 2450 1953 2515 dictas
2001 2449 2302 2536 putabant
2329 2496 2347 2533 ,
2398 2447 2609 2535 ipsum

572 2560 941 2624 vocabulum
959 2584 993 2625 a
1017 2562 1430 2647 sagminibus,
1461 2562 1701 2645 herbiS,
1730 2586 1869 2649 quae
1896 2564 2083 2648 legati
2104 2563 2316 2647 populi
2334 2560 2610 2625 Romani

575 2674 872 2761 gerebant
893 2670 964 2760 7)
997 2721 1021 2750 ,
1056 2676 1342 2738 nonnulli
1378 2675 1765 2758 derivantes5
1812 2699 1849 2739 a
1880 2676 2064 2738 sacris
2095 2685 2306 2738 autem
2331 2667 2399 2738 ‘et
2441 2675 2607 2738 reli-

575 2787 758 2874 giosis
799 2785 1110 2872 quomodo
1158 2787 1476 2852 differrent
1502 2835 1518 2870 ,
1565 2786 1720 2851 adeo
1767 2773 1988 2871 parum
2041 2786 2349 2873 liquebat,
2391 2797 2462 2850 ut
2501 2786 2610 2851 alii

575 2911 812 2966 sanctas
840 2910 1178 2989 utrumque
1201 2949 1218 2981 ,
1248 2901 1356 2965 alii
1396 2912 1694 2966 neutrum
1715 2923 1843 2965 esse
1871 2898 1939 2989 8)
1967 2950 1985 2986 ,
2023 2912 2086 2966 et
2113 2912 2315 2987 portas
2335 2902 2441 2967 alii
2470 2925 2611 2989 pro-

573 3018 767 3100 fanas,
796 3016 942 3102 alii,
971 3028 1040 3080 ut
1066 3017 1173 3102 Caj
1184 3040 1253 3082 us
1275 3015 1368 3105 9),
1393 3040 1520 3082 una
1546 3039 1696 3083 cum
1715 3017 2028 3082 moenibus
2053 3030 2289 3084 sanctas
2309 3020 2603 3091 facerent.

567 3131 648 3196 In
676 3133 910 3198 caeteris
947 3145 1226 3198 sanctum
1281 3132 1626 3198 habebatur
1673 3135 1904 3198 vallum
1958 3145 2298 3201 castrorum
2324 3160 2341 3218 3
2399 3160 2607 3225 neque

572 3245 836 3310 absurde
857 3247 1092 3333 aquilas
1113 3258 1174 3311 et
1196 3246 1557 3331 Principum
1582 3248 1744 3311 inter
1767 3248 1943 3335 signa
1974 3248 2280 3337 imagines
2308 3250 2404 3315 vel
2426 3251 2612 3315 sacris

571 3359 669 3425 vel
696 3361 919 3425 sanctis
947 3361 1131 3425 rebus
1154 3359 1462 3426 addideris
1493 3360 1618 3451 (cf.
1645 3364 1704 3449 ς.
1730 3360 1932 3444 367.)

640 3475 693 3540 1)
720 3475 823 3541 Caj.
848 3476 881 3524 2
900 3512 917 3540 ,
938 3475 970 3525 9
990 3511 1006 3538 ‚
1030 3477 1168 3540 quod
1181 3483 1352 3525 autem
1370 3475 1524 3524 divini
1531 3477 1678 3539 juris
1694 3483 1794 3542 est,
1814 3479 1874 3527 id
1892 3480 2094 3529 nullius
2113 3482 2172 3530 in
2196 3479 2341 3529 bunis
2363 3485 2438 3527 est
2453 3515 2469 3542 ,
2505 3486 2606 3529 ete.

573 3593 637 3603 —
658 3566 710 3631 2)
736 3565 769 3614 2
790 3601 805 3628 ,
826 3565 851 3615 1
876 3602 893 3630 ‚
917 3565 968 3615 6.
992 3565 1119 3630 -5)
1154 3564 1231 3612 Cf.
1256 3565 1362 3614 Cic.
1385 3565 1423 3612 l.
1448 3580 1496 3613 e.
1521 3594 1584 3602 -—-
1604 3565 1657 3631 4)
1691 3566 1768 3616 Cf.
1789 3566 1919 3617 Plin.
1943 3568 2056 3634 Ep.
2093 3568 2156 3619 10
2176 3605 2191 3632 ,
2226 3568 2310 3616 58.
2328 3567 2412 3617 59.
2431 3566 2515 3616 76.
2541 3595 2605 3606 -

578 3654 634 3722 5)
660 3654 724 3703 V.
746 3655 874 3704 Hein
896 3655 929 3704 Ξ
951 3692 967 3720 ‚
993 3655 1015 3705 1
1038 3693 1053 3720 ,
1074 3653 1125 3704 6.
1149 3683 1212 3693 -
1230 3655 1283 3721 6)
1309 3655 1384 3703 Cf.
1409 3654 1542 3705 Fest.
1561 3657 1613 3704 in
1631 3664 1886 3707 sanctum.
1906 3659 2035 3726 —7)
2056 3657 2331 3729 Uar-cianus
2352 3657 2514 3722 Ds‘qq.
2540 3658 2564 3707 1
2588 3696 2606 3723 ,

480 3819 481 3822 ¹
573 3744 636 3809 8,
656 3743 721 3809 8,
758 3755 993 3797 sanctum
1027 3754 1198 3798 autem
1239 3749 1432 3797 dictum
1454 3755 1531 3796 est
1566 3764 1598 3797 ο
1619 3750 1956 3815 sagminibus.
1995 3749 2133 3799 Sunt
2164 3755 2333 3797 autem
2370 3753 2610 3812 saqms’na

577 3836 814 3898 quadam
837 3837 1000 3885 kerboe
1011 3872 1028 3901 ‚
1050 3854 1180 3900 quas
1202 3838 1357 3902 legati
1365 3840 1559 3902 populi
1578 3843 1782 3890 romani
1795 3840 1932 3903 fem
1948 3841 2136 3904 solem,
2171 3855 2239 3889 ne
2259 3843 2377 3905 quis
2395 3858 2479 3891 σοι
2498 3845 2606 3892 vio-

573 3925 719 3974 laret.
745 3925 869 3989 -8)
891 3927 966 3974 Cf.
986 3929 1116 3977 Fest.
1138 3929 1192 3977 in
1214 3937 1450 3979 sanctum
1490 3937 1541 3980 et
1564 3933 1855 3996 rela'qiosum
1871 3968 1887 3996 ‚
1907 3931 2061 3980 Marc.
2086 3931 2249 3997 Diqq.
2274 3932 2299 3980 1
2320 3969 2352 3998 Τ
2372 3933 2404 3983 8
2423 3970 2440 4000 ,
2467 3933 2517 3983 8.
2541 3961 2603 3972 -

573 4014 626 4083 9)
649 4015 710 4079 2,
736 4014 786 4063 8.
812 4014 888 4063 Cf.
915 4016 1076 4079 Diqq.
1099 4018 1123 4066 1
1146 4055 1161 4082 ‚
1187 4018 1218 4068 8
1240 4056 1255 4083 ‚
1277 4018 1376 4068 set
1395 4018 1446 4068 9.

664 4110 772 4175 96.
822 4109 943 4176 Res
982 4106 1242 4174 humani
1276 4110 1437 4193 juris
1473 4111 2041 4197 jureconsultorum
2081 4111 2474 4188 distinctione
2505 4119 2601 4184 vel
