3111 4829
1514 368 1763 453 (228)

633 512 699 573 in
732 504 1037 595 provincia
1072 512 1177 568 aut
1223 501 1442 564 itinere
1486 502 1724 587 copiam
1768 512 2053 588 expetens
2071 549 2090 585 ‚
2125 522 2250 588 quo
2279 499 2396 572 sibi
2433 512 2654 566 mutuo

638 620 1209 700 communicarent,
1253 637 1390 703 quae
1415 616 1569 679 scire
1610 627 1716 679 aut
1740 617 1928 701 ipsius
1960 628 2069 680 aut
2096 615 2418 702 utriusque
2449 614 2658 679 inter-

643 750 813 804 esset.
858 735 934 800 Et
966 755 1105 796 vero
1130 780 1147 814 ,
1184 732 1249 794 in
1296 751 1524 816 magna
1553 731 1891 798 Rectorum
1913 730 2270 795 auctoritate
2289 777 2308 812 ‚
2333 729 2529 793 multa
2554 729 2662 793 in-

639 850 972 936 telligimus
1010 846 1226 927 fuisse,
1247 844 1314 907 in
1342 842 1568 929 quibus
1592 866 1654 907 se
1683 855 1924 928 mutuo,
1951 843 2312 930 proesertim,
2331 842 2399 905 in
2428 841 2661 928 quibus

636 962 1010 1052 provinciam
1042 969 1254 1022 teneus
1283 979 1688 1024 successorem
1708 959 1926 1043 juvare
1953 968 2184 1045 posset3
2221 955 2326 1021 sed
2352 966 2526 1020 erant
2555 956 2660 1020 in-

637 1078 884 1146 terdum
913 1076 980 1139 in
1013 1071 1404 1138 succedentes
1434 1094 1651 1157 parum
1678 1073 1929 1138 officiosi
1963 1070 2047 1160 1).

731 1192 865 1276 Ipso
910 1187 1297 1276 profectionis
1336 1184 1435 1250 die
1464 1188 1850 1274 magistratus
1880 1188 2118 1252 solenni
2145 1209 2430 1273 processu
2451 1235 2469 1270 ‚
2518 1188 2664 1273 pri-

647 1304 922 1370 moribus
944 1281 1201 1368 civitatis
1227 1300 1369 1364 viris
1387 1350 1404 1385 ,
1432 1302 1824 1388 propinquiS,
1860 1302 2072 1367 amicis
2098 1303 2444 1388 populoque
2468 1303 2671 1366 comi-

652 1429 819 1482 tante
840 1465 858 1500 ‚
886 1417 949 1510 in
984 1415 1354 1500 Capitolium
1383 1415 1674 1501 pergebat
1701 1463 1717 1497 ‚
1749 1414 1856 1477 ubi
1888 1427 2208 1502 postquam
2244 1417 2378 1482 Jovi
2426 1415 2672 1482 sacrifi-

652 1541 860 1612 casset,
882 1538 1136 1615 votaque
1159 1539 1589 1612 nuncupasset,
1612 1527 1934 1612 paludatus
1955 1550 2225 1615 cumque
2249 1530 2563 1596 lictoribus
2576 1527 2670 1619 2),

659 1645 874 1709 eadem
919 1663 1040 1727 qua
1070 1651 1317 1703 venerat
1356 1661 1618 1724 pompa,
1669 1639 1822 1704 urbe
1852 1640 2299 1727 egrediebatur.
2345 1643 2677 1730 Egressus,

656 1757 777 1820 nisi
807 1754 996 1840 posito
1027 1752 1285 1837 imperio
1306 1801 1325 1833 ,
1353 1751 1513 1815 intra
1540 1753 1770 1817 moenia
1799 1752 1995 1817 redire
2024 1776 2147 1823 non
2172 1765 2439 1842 poterat3
2472 1755 2676 1840 unde,

653 1870 705 1933 si
734 1867 885 1954 quid
914 1867 1128 1931 Romae
1151 1861 1492 1949 parandum
1519 1877 1851 1951 superesset
1876 1912 1893 1949 ,
1917 1866 1983 1929 in
2010 1867 2672 1954 suburbio'exspectare

661 1981 995 2068 cogebatur
1040 1979 1133 2066 3).
1179 1978 1421 2042 Itineris
1470 1978 1539 2042 iu
1588 1978 1960 2064 provinciam
2002 1981 2096 2046 via
2119 2028 2136 2063 ,
2185 1981 2298 2045 sub
2341 1981 2677 2047 Caesaribus

662 2116 869 2162 severe
915 2092 1296 2179 praescripta,
1324 2112 1441 2156 nec
1479 2102 1621 2155 ante
1651 2091 1842 2161 libera
1876 2093 2062 2157 fuisse
2104 2093 2344 2159 videtur
2385 2090 2474 2182 4).
2523 2094 2681 2160 Mari

665 2206 1070 2295 proficiscenti
1096 2206 1190 2270 vel
1222 2204 1563 2290 respublica
1595 2199 1686 2269 viil
1715 2205 1859 2270 socii
1888 2228 2070 2271 naves
2102 2206 2454 2293 praebebant
2485 2206 2679 2298 5).1n

664 2320 976 2407 provincia
1006 2341 1230 2404 magno
1264 2339 1571 2383 concursu
1600 2317 1679 2381 ab
1709 2318 2092 2404 amplissimis
2127 2320 2271 2383 viris
2296 2320 2363 2384 in
2389 2320 2680 2406 primaria

668 2437 936 2524 quadam
964 2424 1119 2502 urbe
1148 2435 1557 2522 excipiebatur
1576 2483 1594 2520 ,
1631 2436 1842 2523 legatis
1871 2435 2149 2524 undique
2182 2435 2261 2502 ad
2291 2439 2679 2504 salutandum

670 2550 1192 2615 convenientibus.

736 2710 790 2774 1)
816 2709 892 2757 Cf.
909 2708 1017 2758 Val.
1040 2709 1165 2758 Max.
1188 2708 1221 2757 9
1238 2743 1254 2775 ‚
1277 2711 1310 2758 δ
1331 2745 1346 2771 ,
1368 2711 1400 2759 7
1420 2746 1435 2775 ,
1460 2710 1566 2761 Cic.
1587 2711 1659 2759 od
1677 2709 1804 2759 Do’v.
1823 2710 1856 2763 ὅ
1874 2746 1891 2774 ,
1912 2709 1966 2760 7.
1987 2736 2044 2749 -
2070 2711 2123 2775 2)
2147 2710 2224 2760 cf.
2243 2710 2351 2761 Liv.
2374 2710 2457 2775 ⁴2,
2480 2710 2573 2772 49,
2594 2710 2682 2777 ⁴5,

675 2798 775 2860 so,
804 2798 888 2846 cic
916 2796 1065 2846 Vm.
1089 2798 1156 2862 5,
1180 2797 1501 2862 amaad,
1532 2798 1599 2848 B.
1625 2799 1681 2849 c.
1708 2798 2685 2866 1‚s‚varr0a0L.1,.1.s.p.72.—

674 2884 728 2950 3)
755 2885 829 2933 Cf.
854 2885 1035 2935 Ascon.
1058 2884 1177 2935 Ped.
1202 2885 1255 2933 in
1282 2885 1431 2935 Ver-r.
1455 2886 1515 2949 2,
1543 2885 1595 2935 6.
1615 2884 1748 2951 -ἢ
1773 2886 1849 2934 Cf.
1883 2883 1989 2935 Cic.
2007 2887 2065 2937 in
2093 2885 2215 2939 Vae.
2239 2887 2290 2941 5.
2313 2914 2373 2926 -
2390 2887 2443 2953 5)
2479 2886 2555 2939 cf.
2577 2887 2685 2938 eie·

673 2973 1151 3041 adAn.5,13‚6,
1174 2973 1242 3039 8,
1272 2974 1512 3041 Vem5,
1536 2972 1617 3024 19.

648 3187 652 3191 «
764 3142 915 3205 249.
970 3139 1224 3209 Civilem
1249 3151 1309 3204 et
1334 3139 1662 3207 militarem
1689 3139 2278 3205 administrationem
2300 3141 2689 3228 conjungens

673 3255 899 3319 Rector
920 3301 938 3336 ‚
960 3253 1024 3319 in
1055 3264 1312 3339 utraque
1338 3251 1721 3336 adjutoribus
1751 3265 1814 3317 et
1833 3253 2071 3318 vicariis
2094 3254 2335 3339 Legatis
2364 3253 2690 3337 utebatur,

675 3369 820 3455 qui,
849 3367 1035 3452 copiis
1077 3367 1388 3469 praefecti²⁴
1416 3366 1598 3430 simul
1631 3367 1865 3454 reliqua
1894 3389 1966 3431 ex
1996 3367 2129 3452 ejus
2159 3364 2461 3431 mandatis
2491 3388 2692 3431 cura-

676 3480 860 3563 bant,
892 3499 1029 3565 quoe
1059 3479 1185 3564 ipse
1222 3500 1479 3565 praesens
1513 3501 1727 3566 regere
1758 3502 1882 3545 non
1921 3491 2150 3566 posset,
2187 3479 2502 3545 obeuntes.
2542 3479 2693 3545 Cae-

675 3605 878 3663 terum
906 3641 926 3677 ,
967 3592 1123 3657 sicut
1150 3594 1366 3661 Romae
1399 3594 1692 3657 Praetores
1732 3614 1961 3658 munus
1997 3593 2278 3657 ineuntes
2313 3589 2340 3679 (
2356 3587 2418 3671 §.
2455 3587 2648 3681 191.)
2672 3641 2691 3678 ,

678 3719 786 3770 aut
834 3729 905 3770 ex
942 3705 1162 3770 itinere
1209 3717 1315 3771 aut
1358 3705 1558 3770 statim
1606 3718 1787 3793 atque
1835 3703 2203 3786 advenisset,
2246 3702 2517 3768 edictum
2560 3706 2690 3772 sive

680 3820 1009 3884 formulam
1040 3818 1425 3905 publicabat,
1455 3842 1640 3906 quam
1671 3819 1738 3882 in
1761 3819 2011 3903 justitiae
2041 3816 2563 3884 administratione
2588 3842 2692 3885 se—

679 3904 934 3996 cuturus
960 3945 1129 3997 esset.
1162 3934 1297 3998 Hoc
1326 3933 1709 4019 praecipuum
1747 3931 2022 3997 Rectoris
2056 3952 2313 4016 munus,
2336 3930 2437 3996 cui
2466 3943 2690 3998 statuto

679 4056 950 4131 tempore
978 4047 1279 4131 primariis
1317 4048 1383 4113 in
1421 4047 1765 4113 civitatibus
1798 4045 2079 4129 vacabat,
2112 4046 2340 4133 quippe
2375 4046 2688 4133 provincia
