3111 4829
1381 449 1639 534 (165)

493 584 675 650 rebus
698 595 987 669 cautum,
1024 596 1111 650 ut,
1127 586 1300 671 prius
1326 580 1406 648 de
1430 582 1652 648 divinis
1678 604 1865 672 quam
1893 581 1971 648 de
1989 580 2276 649 humanis
2293 583 2502 649 refer-

489 709 659 763 retur
708 696 845 788 10).
901 698 1204 764 Caeterum
1263 696 1606 762 referebant
1664 706 1727 761 et
1777 718 1903 761 non
1950 696 2301 782 interrogati
2327 743 2347 779 ,
2394 706 2505 760 aut

488 809 912 895 praesidentem
937 858 955 892 ,
993 821 1063 873 ut
1087 811 1380 892 referret,
1412 808 1740 895 rogabant,
1779 807 1998 872 dubito
2020 856 2038 892 ,
2073 830 2152 873 an
2182 808 2502 893 obtempe-

486 946 619 989 rare
656 934 935 989 coactum
949 970 969 1005 ,
1016 922 1348 1008 praesertim
1386 933 1637 1007 rogante
1678 922 1953 994 Tribuno
2000 918 2131 1008 11).
2167 923 2302 986 Non
2328 942 2501 985 nun-

483 1059 669 1124 quam
684 1036 920 1120 juratos
941 1037 1303 1101 sententiam
1325 1033 1540 1099 dixisse
1562 1084 1580 1118 ,
1609 1034 1773 1099 testis
1794 1034 1999 1098 Livius
2032 1030 2162 1119 12).

553 1196 605 1262 1)
624 1197 729 1245 cie.
748 1197 890 1246 pm.
924 1197 990 1263 2,
1027 1196 1117 1263 10,
1156 1197 1309 1261 «κιρ.
1335 1196 1509 1246 Fmer.
1549 1197 1615 1262 a,
1656 1196 1752 1262 15,
1775 1197 1901 1246 een.
1937 1196 2259 1262 1⁴,7.-2)
2283 1198 2495 1250 essen.

484 1286 547 1336 do
572 1286 769 1352 Tmnq.
786 1290 956 1337 animi
969 1294 1093 1336 extr.
1112 1315 1174 1325 —
1193 1288 1246 1352 3)
1285 1287 1389 1336 Cic.
1414 1288 1485 1337 ad
1505 1288 1632 1337 Dir.
1673 1286 1765 1352 10,
1801 1288 1865 1336 12
1882 1324 1899 1353 ,
1933 1287 2068 1336 Suet.
2089 1288 2214 1337 Coes.
2251 1288 2309 1338 81
2327 1325 2344 1354 ,
2365 1290 2493 1340 Gen.

478 1376 519 1424 1.
545 1392 593 1424 c.
612 1403 674 1413 —
695 1375 747 1441 4)
770 1376 845 1424 Cf.
866 1380 918 1425 et
930 1393 989 1439 p.
1012 1375 1161 1425 Mur.
1184 1376 1266 1425 50.
1291 1403 1354 1413 —
1377 1373 1430 1439 5)
1455 1375 1664 1437 Referre
1684 1380 1736 1424 et
1768 1376 1944 1424 relatio
1979 1376 2198 1425 solennia
2230 1376 2313 1426 hic
2345 1394 2494 1428 voca-

476 1465 615 1531 bula,
638 1470 696 1514 ut
712 1481 888 1529 roqare
916 1467 1214 1514 sententiam
1237 1469 1533 1514 et‘cemm.
1552 1492 1613 1501 ——
1631 1465 1682 1529 6)
1705 1465 1779 1512 Cf.
1799 1464 1925 1513 Gen.
1955 1464 2035 1528 1⁴,
2066 1464 2118 1530 7,
2143 1466 2246 1515 Cic.
2263 1467 2402 1516 Phil.
2427 1467 2491 1535 5,

479 1554 577 1620 16,
601 1554 816 1603 eamn.
842 1553 939 1618 10,
963 1553 1053 1618 12,
1086 1570 1148 1618 p.
1182 1553 1391 1603 Reda„
1412 1553 1534 1605 Son.
1555 1552 1618 1617 7,
1639 1551 2152 1620 sn1.cae.49‹5o)‚
2175 1554 2280 1602 mv.
2301 1555 2367 1620 5,
2393 1556 2488 1622 20,

478 1644 616 1691 Suet.
638 1642 767 1692 θωσ-
790 1641 874 1692 11.
895 1669 955 1679 -
977 1641 1032 1707 7)
1056 1641 1119 1690 V.
1143 1641 1278 1690 Suet.
1311 1645 1450 1706 Anq-
1476 1642 1559 1692 55.
1580 1671 1640 1680 -
1660 1642 1713 1707 8)
1740 1642 1814 1691 Cf.
1832 1642 1935 1691 Cic.
1961 1645 2033 1692 ad
2059 1646 2165 1692 Λα.
2190 1643 2246 1710 1,
2284 1645 2380 1709 16,
2418 1644 2487 1712 6,

476 1732 543 1796 9,
569 1730 720 1781 Vm.
744 1731 813 1796 2,
834 1730 933 1797 59,
970 1732 1403 1795 adomnane,
1429 1731 1476 1795 1,
1500 1733 1628 1781 ceu.
1650 1732 1710 1796 4,
1735 1732 1972 1798 1ο.-9)
1996 1734 2072 1797 cr,
2102 1734 2215 1783 sen.
2239 1735 2301 1784 aa
2325 1733 2394 1783 V.
2418 1735 2487 1785 Β.

475 1825 545 1889 z,
579 1824 709 1873 run.
734 1824 846 1890 Ep.
883 1825 943 1890 s,
979 1825 1141 1876 14.-
1169 1825 1252 1891 1ο)
1280 1826 1407 1876 cen.
1437 1825 1686 1891 14,7.-
1712 1826 1794 1892 11)
1819 1826 1895 1877 cr.
1930 1827 2107 1893 meup.
2143 1827 2208 1894 1,
2246 1828 2317 1904 3,
2351 1828 2488 1879 6,-

477 1912 561 1977 12)
582 1913 678 1977 26,
698 1913 795 1978 33,
816 1918 869 1963 et
889 1913 1027 1996 alibi.

568 2084 716 2146 181.
743 2081 1354 2145 Senatusconsultum
1387 2079 1798 2170 (decretum),
1815 2092 2066 2148 auctore
2085 2083 2362 2151 Varrone
2379 2106 2480 2170 ap.

474 2194 745 2259 Gellium
771 2191 865 2280 1),
894 2205 1019 2256 aut
1032 2217 1158 2280 per
1188 2194 1669 2270 discessionem,
1707 2199 1773 2259 si
1799 2199 2292 2273 consentiretur,
2315 2209 2440 2260 aut
2452 2243 2482 2273 ,

472 2312 536 2373 ei
558 2330 665 2371 ree
697 2307 902 2372 dubia
927 2319 1124 2380 esset,
1144 2330 1272 2393 per
1297 2309 1711 2396 sinqulorum
1736 2313 2090 2374 sententiae
2119 2298 2484 2397 exquisitus

471 2423 691 2508 fiebat3
721 2422 827 2488 sed
853 2444 1055 2509 neque
1081 2419 1199 2485 hoc
1228 2424 1365 2486 satis
1384 2424 1774 2508 perspicuum
1795 2471 1812 2506 ,
1835 2434 1896 2486 et
1915 2418 2144 2486 ibidem
2166 2423 2481 2509 docemur,

468 2538 650 2623 Atejo
699 2537 976 2622 Capitoni
1018 2538 1257 2622 placere
1281 2583 1298 2617 ,
1338 2535 1600 2599 nullum
1637 2532 2280 2602 Senanuconmleum
2324 2541 2484 2626 fieri

460 2673 647 2740 poue
699 2671 827 2713 non
876 2647 1263 2712 discutione
1308 2650 1496 2736 faeta
1551 2644 1653 2736 2).
1706 2649 2095 2714 Discessionis
2150 2651 2480 2718 formulam

462 2766 698 2831 faciunt
716 2768 834 2853 qui
851 2766 969 2830 Ιιοο
993 2768 1268 2830 censetis
1282 2812 1308 2841 ,
1337 2766 1504 2830 illuc
1544 2769 1819 2830 tramite
1840 2814 1864 2842 ,
1898 2771 2016 2855 qui
2038 2770 2184 2833 alia
2216 2771 2436 2833 omnia
2450 2813 2477 2844 ,

461 2882 536 2944 in
576 2880 752 2944 hanc
783 2892 1045 2967 partem
1086 2876 1205 2966 3),
1248 2881 1648 2945 necessariam
1699 2882 1883 2945 fuisse
1925 2883 2196 2968 diceres,
2241 2884 2479 2970 quoties

464 2994 776 3057 sententiae
817 2991 1100 3073 diversae,
1134 3003 1238 3077 ut,
1271 2994 1425 3079 quin
1459 3015 1673 3058 omnes
1706 2994 2267 3081 interrogarentur,
2318 3016 2479 3059 con-

461 3116 680 3190 staret,
702 3106 855 3193 quid
878 3106 1097 3190 majori
1124 3129 1385 3172 numero
1406 3109 1713 3193 placeret3
1761 3131 1877 3174 nec
1912 3131 2051 3174 vero
2093 3108 2211 3173 alia
2245 3108 2479 3173 ratione

464 3218 530 3282 id
579 3194 904 3306 quaesiturn
963 3218 1200 3285 videtur
1219 3269 1238 3305 ‚
1296 3243 1484 3307 quam
1538 3220 1837 3307 digressos
1894 3222 2186 3308 utrinque
2241 3241 2478 3284 nume—

463 3334 654 3400 rando
683 3330 786 3422 4);
817 3345 879 3398 et
902 3333 1135 3399 accedit
1159 3384 1176 3418 ,
1202 3333 1366 3422 quod
1403 3334 1665 3421 pedariis
1698 3334 1723 3424 (
1739 3336 1799 3417 §-
1835 3332 2032 3423 176.)
2064 3335 2235 3399 nulla
2264 3344 2479 3421 praeter

463 3450 886 3515 discessionem
926 3449 1022 3514 via
1060 3450 1321 3514 aliorum
1360 3450 1676 3514 sententiae
1715 3449 2047 3515 accedendi
2087 3449 2472 3535 relinquitur.

462 3567 718 3649 Contra,
761 3587 959 3652 quum
1004 3586 1216 3629 omnes
1241 3612 1258 3646 ,
1306 3565 1428 3628 sive
1473 3575 1711 3650 rogatos
1755 3563 1878 3627 sive
1919 3585 2085 3645 non,
2134 3562 2479 3627 consentire

464 3680 856 3743 manifestum
904 3687 1055 3743 esset
1076 3726 1095 3761 ,
1145 3698 1346 3764 neque
1404 3677 1537 3742 illos
1589 3676 1668 3741 ad
1725 3674 2161 3740 discedendum
2221 3676 2478 3741 invitare

461 3812 705 3857 necesse
732 3803 889 3875 erat,
929 3791 1154 3879 quibus
1184 3790 1546 3855 sententiam
1579 3789 1783 3853 dicere
1819 3789 2073 3873 licebat,
2113 3800 2172 3853 et
2204 3788 2470 3874 pedarii,

460 3927 584 3993 quo
605 3904 1019 3989 discederent,
1049 3926 1172 3969 non
1207 3903 1536 3969 habebant.
1564 3902 1910 3968 Fon-mulam
1934 3906 2051 3992 qui
2076 3905 2221 3969 alia
2249 3906 2473 3967 omnia

459 4020 714 4106 quidam
744 4020 1154 4106 superstitioni
1187 4019 1505 4100 tribuunt,
1547 4040 1629 4082 ne
1669 4015 2006 4100 diceretur,
2031 4018 2263 4083 malum
2286 4039 2470 4081 omen

462 4136 739 4200 futurum
765 4184 781 4219 ‚
811 4138 928 4223 qni
957 4158 1084 4200 mm
1106 4137 1381 4200 censetis
1413 4128 1522 4219 5);
1561 4134 1665 4201 sed
1696 4132 1881 4221 possis
1898 4132 2187 4220 suspicari
2209 4180 2227 4216 ,
2249 4131 2470 4215 adjec-
