3111 4829
1373 454 1623 538 (189)

502 640 513 658 ,
575 581 676 646 Ab
707 607 765 650 a.
799 585 929 650 fere
978 589 1132 653 310.
1161 635 1180 671 ‚
1219 584 1479 652 durante
1516 585 1808 651 ordinum
1847 584 1924 650 de
1979 589 2299 651 consulatu
2356 609 2505 652 cum

481 695 738 782 plebejis
758 701 1271 767 communicando
1302 703 1725 783 contentione,
1758 723 1866 786 per
1907 723 2099 765 annos
2120 723 2307 787 prope
2337 713 2511 766 octo-

486 809 656 894 ginta
678 813 1015 879 Consulum
1044 816 1174 880 loco
1187 817 1373 880 creati
1399 827 1540 879 sunt
1550 815 1812 879 Tribuni
1835 815 2097 878 Militum
2117 811 2504 904 (legionum)

479 921 782 986 consulari
832 936 1119 1009 potestate
1145 976 1161 1009 ‚
1209 927 1576 1013 interpositis
1630 937 1835 990 tamen
1882 947 2038 1013 saepe
2091 927 2465 992 Consulibus
2487 971 2506 1006 ‚

480 1056 676 1121 quum
706 1051 948 1104 senatus
990 1043 1340 1126 praevalcret
1381 1038 1482 1128 6);
1523 1041 1718 1106 donec
1762 1063 1816 1105 a.
1855 1042 2005 1105 387.
2034 1088 2051 1123 ,
2101 1042 2350 1105 omissso
2395 1062 2506 1124 per

481 1152 705 1215 multos
732 1175 925 1218 annos
945 1157 1263 1221 consulatu
1290 1205 1306 1239 ‚
1336 1157 1507 1242 plebs
1534 1157 1715 1220 evicit
1741 1204 1758 1238 ,
1789 1166 1860 1219 ut
1880 1155 2032 1219 alter
2066 1154 2404 1219 Consulum
2429 1152 2508 1218 de

486 1285 595 1328 suo
626 1264 842 1332 ordine
864 1268 1191 1355 legeretur.
1219 1271 1516 1352 Tribuni,
1547 1270 1825 1356 quamvis
1853 1269 2057 1332 invitis
2091 1269 2357 1353 patriciis
2396 1267 2511 1330 in-

484 1377 693 1463 ducti,
718 1392 789 1444 ut
811 1383 1149 1467 plurimum
1173 1396 1378 1448 tamen
1403 1407 1474 1448 ex
1500 1382 1598 1446 his
1636 1382 1844 1447 creati.
1886 1382 2193 1446 Numerus
2218 1383 2256 1444 7
2283 1378 2308 1468 )
2350 1383 2512 1446 inter

491 1500 611 1555 tres
639 1504 702 1556 et
734 1504 868 1558 octo
898 1493 966 1580 8)
1002 1498 1272 1560 variavit.

553 1652 604 1717 1)
622 1653 761 1702 Hanc
783 1656 930 1720 vulgo
950 1657 1148 1706 allatam
1171 1658 1419 1723 improbat
1439 1658 1581 1723 Hugo
1603 1657 1621 1724 (
1644 1655 1688 1727 §-
1712 1659 1830 1718 50.)
1856 1694 1874 1722 ,
1894 1657 2042 1720 longe
2067 1656 2373 1721 praecipuam
2389 1672 2511 1705 cau-

487 1757 596 1790 um
618 1743 805 1792 sacione
822 1745 1067 1795 Tribunos
1087 1747 1250 1796 Plebis
1273 1748 1404 1797 inter
1437 1753 1490 1797 et
1510 1748 1743 1796 Consules
1765 1747 2079 1797 discordiam.
2104 1747 2263 1795 Minus
2283 1747 2514 1795 novitati:

488 1844 658 1876 amans
671 1866 687 1894 ‚
706 1831 989 1898 Mackeldey
1006 1831 1080 1902 (§.
1102 1834 1183 1882 21.
1204 1835 1222 1899 )
1264 1835 1517 1898 vulgarem
1550 1836 1843 1884 sententiam
1861 1870 1880 1900 ,
1914 1835 2109 1899 egregie
2145 1835 2471 1899 interpretans
2491 1870 2509 1898 ‚

479 1924 667 1968 tuetur.
694 1947 755 1956 —
774 1920 824 1980 2)
850 1920 1031 1972 v.1.iv.
1056 1923 1087 1970 5
1106 1961 1122 1986 ‚
1145 1923 1177 1971 9
1201 1929 1253 1972 et
1282 1924 1365 1972 32.
1403 1940 1513 1989 sqq.
1533 1924 1735 1989 Dionys.
1752 1924 1842 1973 lib.
1870 1925 1932 1974 10
1953 1929 2005 1973 et
2028 1923 2083 1972 11
2103 1961 2119 1987 ,
2157 1925 2261 1972 Cic.
2287 1926 2347 1972 de
2373 1923 2509 1986 Rep-

444 2009 546 2071 .2‚
581 2009 671 2058 36.
689 2009 764 2057 Cf.
786 2010 1003 2075 Lyd.1‚
1027 2011 1110 2061 54.
1130 2040 1191 2049 -·
1212 2012 1266 2077 5)
1287 2012 1363 2060 Cf.
1389 2014 1495 2062 Cic.
1520 2016 1583 2061 de
1600 2014 1730 2077 Rep.
1750 2015 1782 2062 2
1805 2051 1820 2075 ‚
1849 2013 1932 2060 57.
1960 2041 2021 2049 -
2047 2012 2099 2076 4)
2122 2012 2186 2060 V.
2212 2012 2315 2060 Liv.
2339 2012 2371 2059 5
2391 2012 2510 2076 ,58,

488 2103 541 2146 et
561 2098 593 2147 4
607 2136 623 2161 ‚
648 2099 729 2165 15,
754 2100 840 2149 uhi
860 2102 1003 2150 bonis
1022 2138 1038 2162 ‚
1057 2105 1207 2152 exilio
1229 2140 1246 2166 ,
1268 2106 1431 2166 capite
1444 2105 1709 2152 mulctatos
1724 2138 1743 2166 ,
1766 2103 2065 2150 Dictatorem
2086 2101 2331 2150 dicentem
2348 2101 2510 2163 fingit.

485 2215 545 2225 --
575 2187 629 2253 5)
665 2189 976 2239 Decemviros
1000 2191 1052 2238 in
1083 2192 1180 2239 xll
1213 2191 1396 2239 tabulis
1430 2192 1780 2255 componendis
1812 2191 1875 2239 ab
1919 2190 2225 2240 Hermodoro
2257 2191 2471 2254 quodam
2490 2228 2509 2257 ‚

483 2279 694 2342 Ephesio
709 2317 724 2341 ‚
754 2280 771 2344 (
795 2280 856 2329 de
885 2297 986 2344 quo
1009 2282 1076 2330 cs.
1102 2282 1343 2331 Niebuhr.
1367 2282 1530 2332 Roem.
1559 2284 1847 2331 Gesclu'chte
1867 2299 1916 2332 v.
1939 2282 1988 2330 2.
2017 2298 2069 2346 p.
2102 2282 2195 2331 110
2214 2318 2231 2345 ,
2255 2287 2308 2330 et
2325 2318 2340 2344 ,
2360 2297 2514 2343 quem

481 2364 567 2413 hic
590 2366 758 2416 laudat
779 2404 794 2431 ‚
834 2368 1023 2432 Menng.
1058 2368 1120 2418 nd
1144 2370 1285 2435 Πίος.
1309 2370 1471 2419 Laert.
1495 2370 1532 2419 1.
1566 2369 1618 2419 9.
1661 2386 1711 2419 c.
1752 2371 1842 2437 2.)
1892 2386 1994 2419 esse
2018 2369 2243 2437 adjutos,
2266 2370 2513 2421 veteribus

481 2454 633 2503 fidem
657 2456 872 2506 faciebat
888 2464 1048 2508 statua
1070 2460 1116 2509 ei
1132 2461 1302 2509 Romae
1322 2461 1374 2509 in
1391 2461 1601 2509 Comitio
1623 2460 1824 2525 publice
1841 2461 2005 2511 dicata
2026 2498 2043 2524 ‚
2066 2477 2213 2524 quam
2235 2476 2512 2510 memorans

482 2544 700 2605 Plinius(
724 2545 787 2595 54
806 2584 822 2611 ,
847 2546 897 2595 5.
922 2547 941 2612 )
961 2585 978 2612 ,
1003 2549 1170 2612 lequm
1193 2566 1322 2612 quae
1339 2550 1611 2597 decemviri
1636 2548 1919 2597 scribebant
1939 2551 2258 2612 interpretem
2284 2566 2399 2599 eum
2416 2566 2510 2597 no-

483 2635 656 2683 minat.
681 2635 750 2684 De
765 2635 938 2685 eodem
962 2637 1257 2701 Pomponius
1280 2639 1297 2703 (
1318 2640 1378 2686 de
1398 2638 1541 2701 Oriq.
1567 2637 1688 2686 Jur.
1708 2638 1744 2686 l.
1774 2639 1823 2686 2.
1848 2634 1893 2707 §.
1912 2638 1962 2687 ⁴.
1983 2639 2001 2704 )
2024 2676 2040 2702 ‚
2060 2656 2280 2703 quarum
2305 2641 2531 2705 (legum,

483 2725 580 2774 x11
597 2726 738 2775 tebb.
768 2726 786 2791 )
801 2727 1133 2790 ferendarum
1152 2736 1405 2778 auctorem
1419 2727 1588 2790 suis-re
1611 2728 1925 2779 Decemvirt‘e
1959 2729 2332 2781 Hermodorum
2350 2747 2512 2794 quen-

484 2818 605 2864 dam
639 2816 929 2879 Ephesium
948 2852 966 2881 ,
1002 2818 1287 2866 exulantem
1325 2820 1383 2865 in
1409 2817 1571 2867 Italia
1593 2853 1611 2882 ‚
1665 2820 1874 2881 quidam
1912 2821 2214 2869 retulerunt.
2251 2821 2358 2884 Quo
2395 2821 2508 2870 loco

479 2903 805 2967 Pomponium
827 2905 892 2953 ob
910 2905 1009 2953 duo
1028 2905 1346 2970 reprehendit
1364 2907 1570 2954 Dirksen
1592 2906 1612 2971 (
1637 2906 1692 2953 V
1687 2910 1893 2956 ονεεισΙισ
1917 2926 2021 2957 zur
2041 2909 2219 2959 Krieik
2235 2926 2288 2973 p.
2311 2910 2430 2958 211.
2449 2916 2467 2969 )
2489 2947 2506 2973 ,

478 2990 689 3041 alterum
702 3030 719 3057 ‚
744 2993 881 3057 quod
902 2994 954 3042 in
974 3010 1028 3042 re
1043 3000 1179 3042 certe
1191 3030 1206 3056 ‚
1228 2999 1387 3042 statua
1413 2995 1605 3042 scilicet
1622 2996 1913 3045 Hermodori
1932 2997 2219 3045 confirmate
2232 3035 2248 3061 ‚
2264 3001 2509 3061 quosdam

483 3082 719 3130 retulisse
754 3082 929 3130 dixerit
941 3097 956 3146 3
984 3083 1195 3131 alterum
1210 3120 1227 3147 ‚
1274 3082 1409 3146 quod
1429 3100 1489 3132 ex
1510 3083 1778 3147 interprete
1800 3092 2054 3133 auctorem
2077 3086 2243 3148 layum
2269 3086 2509 3147 serenda-

478 3187 597 3219 rum
621 3171 813 3221 fecerit.
839 3172 957 3233 Quae
981 3172 1134 3220 verba
1152 3209 1167 3235 ,
1196 3176 1253 3219 ut
1292 3173 1447 3220 multe
1474 3172 1731 3236 Pomponii
1754 3174 1806 3221 in
1830 3173 1974 3221 titulo
2012 3176 2072 3222 de
2105 3176 2301 3238 oriqt‘ne
2326 3177 2470 3239 Jurie
2490 3213 2507 3239 ,

479 3259 691 3307 hominis
712 3266 856 3322 sunt,
884 3275 1032 3323 quem
1056 3259 1246 3309 diceres
1265 3278 1470 3326 perum,
1497 3262 1617 3325 quid
1654 3263 1802 3323 velit,
1839 3263 1985 3312 scire.
2028 3263 2269 3313 Ceterum
2290 3300 2306 3328 ‚
2347 3281 2440 3314 nec
2478 3282 2508 3315 e

474 3351 623 3399 Plinii
641 3351 751 3399 loco
771 3387 786 3412 ‚
810 3350 1007 3414 qualem
1032 3350 1324 3400 decemviris
1346 3334 1547 3416 operam
1572 3353 1910 3402 Hermodorus
1934 3354 2247 3419 praestiterit,
2273 3357 2503 3419 equidem

474 3442 588 3489 setis
602 3440 850 3504 intelligo.
875 3466 938 3478 --
955 3441 1008 3503 6)
1034 3441 1099 3488 V.
1122 3441 1227 3489 Liv.
1252 3440 1282 3489 4
1298 3478 1314 3504 ⁷
1339 3442 1389 3490 6.
1413 3441 1464 3490 7.
1484 3457 1598 3505 sqq.
1614 3479 1629 3503 ‚
1650 3442 1852 3506 Dionys.
1869 3442 1920 3491 11
1943 3480 1958 3503 ,
1983 3443 2065 3491 60.
2089 3444 2172 3493 62.
2195 3461 2305 3507 sqq.
2321 3482 2337 3510 ‚
2359 3447 2504 3494 Pom-

474 3545 593 3594 pon.
614 3534 674 3580 de
694 3531 840 3594 Oriq.
861 3530 983 3580 Jur.
1008 3531 1231 3595 Da·99.1.
1260 3531 1306 3580 1.
1332 3536 1370 3580 t.
1393 3533 1444 3580 2.
1465 3529 1509 3600 §.
1535 3532 1630 3593 25,
1655 3533 1777 3597 Lyd.
1797 3534 1857 3580 de
1879 3533 2061 3597 111099.
2084 3534 2107 3583 1
2131 3572 2146 3596 ,
2171 3535 2235 3584 55
2258 3540 2307 3583 et
2330 3534 2414 3583 45.
2439 3563 2504 3573 —·

473 3618 528 3681 7)
550 3620 618 3668 De
634 3637 735 3684 quo
755 3623 822 3671 cs.
847 3621 1159 3685 conjecturas
1173 3621 1344 3669 Crouz.
1361 3618 1405 3689 ξ.
1426 3620 1541 3669 170.
1564 3648 1623 3657 -
1642 3620 1694 3686 8)
1716 3622 1779 3669 V.
1803 3620 1910 3669 Liv.
1931 3620 1990 3684 5,
2014 3621 2037 3670 1
2068 3658 2083 3685 ,
2106 3622 2194 3671 ubi
2220 3659 2236 3688 ‚
2260 3622 2396 3687 quod
2438 3622 2501 3672 ad

479 3715 584 3758 octo
605 3745 621 3773 ‚
651 3711 802 3760 dubia
825 3711 992 3760 lectio.

756 3850 1318 3918 MAGISTRATUS
1362 3848 1724 3917 MINORES
1768 3850 2222 3919 ORDINARII.

1228 4014 1306 4056 ΤΒ
1314 4013 1454 4056 mun
1459 4015 1479 4055 1
1528 4013 1750 4056 numa.

565 4152 717 4217 206.
767 4152 1041 4239 Expulsis
1090 4153 1475 4244 Tarquiniis,
1526 4155 1701 4244 pejor
1761 4155 1877 4222 fuit
1941 4156 2136 4244 plebis
2181 4154 2492 4235 conditi03
