3111 4829
1334 431 1362 513 (
1405 428 1523 491 ¹⁰9
1563 430 1589 511 )

547 563 692 629 123.
741 557 834 628 De
849 563 996 649 jure
1023 562 1230 627 Italico
1270 572 1478 626 autem
1498 609 1517 643 ‚
1552 557 1814 624 dubium
1848 556 2102 645 quidem
2132 578 2256 623 non
2284 567 2413 621 erat
2446 603 2466 641 ,

449 675 730 742 Italicum
752 676 875 742 dici
894 725 912 761 ,
950 687 1021 741 ut
1040 676 1206 741 Italis
1224 676 1649 741 Romanorum
1670 674 1845 738 sociis
1867 723 1885 757 ‚
1915 672 2129 737 dubito
2158 721 2175 755 ,
2201 694 2282 736 an
2325 693 2465 735 om·-

451 789 666 874 nibus‚
739 791 886 854 olim
943 811 1304 855 concessum
1373 785 1484 875 1),
1531 799 1594 852 et
1634 778 2086 874 provinciarum
2136 785 2464 875 nonnullas

450 901 718 967 civitates
737 926 809 967 eo
839 903 1067 990 gavisas
1101 925 1263 986 esse,
1307 913 1584 967 veterum
1617 900 1962 967 testimonio
2011 899 2324 964 constabat
2347 893 2415 983 2)
2445 921 2464 981 3

452 1014 556 1078 sed
578 1064 597 1100 ‚
639 1037 763 1102 quo
784 1017 1202 1081 contineretur
1227 1065 1244 1100 ,
1266 1027 1583 1102 postquam
1603 1034 1750 1080 cum
1772 1013 1983 1079 Carolo
2003 1012 2256 1099 Sigonio
2280 1011 2466 1075 multi

452 1130 671 1194 frustra
698 1131 1107 1217 quaesiissent,
1136 1130 1651 1217 primusSavigny
1672 1129 1739 1192 in
1767 1125 2184 1192 dissertatione
2206 1124 2232 1215 (
2254 1124 2464 1189 Ueber
2568 1201 2577 1210 ·

452 1240 517 1306 d.
547 1239 696 1307 Jus.
730 1240 944 1330 Ital.)
988 1254 1166 1308 acute
1229 1243 1479 1326 docuit,
1524 1264 1651 1307 non
1687 1263 1958 1327 personae
2000 1239 2157 1304 illud
2197 1240 2341 1324 jus„
2394 1249 2466 1303 ut

449 1352 752 1421 civitatem
810 1359 1157 1423 Romanam
1205 1367 1312 1421 aut
1379 1356 1743 1419 latinitatem
1766 1403 1785 1438 ‚
1851 1352 1956 1418 sed
2018 1353 2127 1416 soli
2172 1351 2465 1438 urbisque

447 1489 574 1533 esse
595 1518 613 1552 ,
658 1472 745 1535 ita
774 1471 1037 1555 scilicet,
1086 1481 1158 1535 ut
1194 1471 1310 1555 ipsi
1345 1470 1503 1534 cives
1551 1469 1819 1534 Romani
1852 1490 1924 1531 eo
1958 1488 2087 1531 non
2116 1515 2135 1548 ,
2188 1477 2256 1530 ut
2288 1466 2422 1529 aliis
2444 1514 2463 1549 ,

448 1576 638 1640 veluti
673 1578 951 1645 libertate
1019 1590 1127 1642 aut
1180 1578 1376 1663 patria
1423 1587 1714 1663 potestate
1739 1625 1757 1662 ,
1799 1574 2033 1661 ubique
2081 1596 2190 1659 per
2245 1574 2465 1659 Impe-

447 1689 650 1775 rium,
712 1692 817 1757 sed
889 1694 956 1758 in
1012 1716 1084 1758 ea
1124 1703 1389 1758 ‘tantum
1447 1692 1689 1756 civitate
1712 1739 1731 1776 ,
1783 1690 1888 1755 cui
1934 1688 2228 1753 donatum
2274 1697 2468 1771 esset,

446 1806 841 1891 fruerentur3
907 1816 1199 1873 caeterum
1240 1806 1385 1892 jure
1432 1806 1643 1887 Italico
1705 1803 1828 1869 duo
1888 1803 2188 1871 contineri
2211 1850 2229 1883 ‚
2266 1802 2466 1865 solum

446 1918 803 1995 commercii,
839 1923 877 1983 3
910 1913 936 2005 )
971 1968 990 2003 ,
1056 1919 1100 1997 i.
1176 1940 1232 1986 e.
1288 1918 1675 2004 usucapionis
1699 1966 1717 2000 ,
1791 1917 1860 1980 in
1923 1917 2068 2002 jure
2135 1914 2417 1980 cessionis
2440 1960 2461 1997 ,

443 2031 909 2118 mancipationis
944 2042 1005 2096 et
1030 2031 1453 2097 vindicationis
1477 2081 1495 2114 ,
1542 2029 1802 2100 dominii
1835 2053 1904 2095 ex
1941 2029 2082 2114 jure
2119 2028 2463 2110 Quiritium

444 2141 472 2233 (
487 2145 527 2229 §
549 2146 653 2208 99.
674 2140 701 2253 >
723 2192 740 2227 ‚
763 2166 950 2230 capax
973 2193 991 2228 ,
1023 2156 1085 2211 et
1126 2144 1386 2209 liberam
1412 2144 1769 2229 reipublieae
1813 2145 2104 2227 formam,
2158 2145 2358 2230 qualis
2394 2142 2462 2206 in

438 2258 617 2323 sociis
639 2258 1065 2324 Romanorum
1091 2259 1284 2324 Italiae
1304 2259 1647 2324 civitatibus
1674 2258 1793 2322 fuit
1818 2308 1835 2342 ,
1870 2280 2018 2323 cum
2057 2258 2413 2346 Duumyiris
2434 2306 2453 2339 ,

439 2370 1024 2458 Quinquennalibus
1051 2383 1113 2438 et
1140 2371 1485 2457 AEdilibus,
1522 2372 1857 2459 praesertim
1891 2394 2033 2438 vero
2068 2393 2212 2439 cum
2255 2372 2452 2458 juris-

445 2483 767 2575 dictione(
783 2486 827 2569 §
855 2482 1088 2572 117.);
1123 2510 1162 2553 a
1186 2487 1557 2554 commercio
1577 2498 1783 2558 autem
1819 2487 2087 2575 separari
2120 2510 2247 2557 non
2290 2509 2463 2576 posse

442 2619 489 2663 a·
515 2618 706 2664 censu
732 2599 844 2665 soli
882 2598 1361 2669 immunitatem.

516 2758 571 2824 1)
606 2757 681 2805 Cf.
706 2756 882 2809 Creuz.
905 2756 950 2827 §.
974 2760 1091 2812 263.
1123 2760 1258 2827 —2)
1296 2761 1481 2812 lentio
1501 2763 1632 2830 juris
1666 2735 1833 2815 Italici
1862 2763 1940 2815 his
1973 2766 2207 2817 duntaxat
2240 2770 2464 2815 veterum

442 2847 569 2898 locis
587 2850 826 2915 occurrit,
849 2848 980 2900 Plin.
996 2850 1074 2900 H.
1093 2850 1169 2901 Ν.
1193 2852 1227 2901 δ
1250 2887 1268 2916 ,
1290 2851 1323 2901 ὅ
1340 2857 1391 2904 et
1412 2854 1472 2910 21
1495 2890 1512 2919 ,
1534 2854 1741 2905 Panda.
1757 2856 1857 2923 50,
1882 2857 1947 2910 15
1964 2894 1982 2924 ‚
2005 2859 2130 2910 Cod.
2153 2860 2348 2910 Tloeod.
2370 2859 2462 2926 14,

445 2936 512 2989 15
528 2973 548 3004 ‚
572 2939 695 2990 Coa.
714 2940 853 2990 Iust-
876 2931 978 3006 11⁷,
1001 2941 1085 2990 20.
1107 2969 1169 2979 —
1188 2941 1243 3008 ὅ)
1277 2942 1354 2992 Cf.
1388 2944 1530 3010 Hugo
1554 2941 1600 3012 §.
1624 2944 1709 2996 87.

543 3101 689 3165 124.
736 3099 969 3170 Eodem
1010 3112 1321 3188 tempore,
1365 3115 1427 3167 et
1468 3105 1640 3190 prius
1685 3107 1913 3194 etiam,
1953 3132 2147 3197 ¹quam
2184 3113 2293 3178 Jus
2331 3113 2468 3178 Ita—

450 3211 643 3275 licum
663 3262 682 3299 ,
710 3225 874 3279 certe
909 3214 1111 3301 quoad
1136 3216 1246 3280 soli
1268 3263 1286 3300 ‚
1325 3216 1488 3303 quod
1516 3218 1781 3286 diximus
1800 3269 1819 3307 ‚
1857 3221 2244 3311 dominium,
2275 3227 2467 3290 Italiae

449 3325 764 3411 proprium
811 3327 972 3410 fuit,
1024 3327 1352 3416 singularis
1398 3333 1592 3395 extitit
1644 3334 2001 3402 Latinorum
2046 3361 2192 3404 cum
2243 3343 2466 3428 populo

444 3439 729 3505 Romano
766 3441 927 3526 juris
965 3441 1117 3506 ratio
1140 3489 1158 3524 ‚
1211 3453 1272 3506 et
1312 3445 1484 3530 quasi
1526 3445 1781 3512 inferior
1810 3450 1877 3513 in
1908 3451 2154 3518 civitate
2187 3457 2467 3520 Romana

447 3551 656 3619 civitas
688 3561 716 3618 1
740 3551 810 3641 );
850 3553 927 3619 dc
962 3576 1085 3641 quo
1118 3555 1255 3621 haec
1300 3567 1639 3626 teneamus.
1680 3562 1906 3646 Latini,
1937 3588 1975 3630 a
2014 3566 2266 3652 reliquis
2293 3568 2467 3631 sociis

446 3667 613 3732 varie
635 3663 902 3733 distincti
923 3718 942 3753 ‚
972 3679 1044 3734 ut
1072 3670 1219 3735 socii
1246 3681 1307 3735 et
1329 3672 1531 3738 Latini
1561 3676 1742 3761 socii,
1772 3679 1919 3741 socii
1942 3680 2209 3744 nominis
2233 3681 2463 3767 Latini,

447 3781 595 3844 socii
630 3793 980 3871 nomenque
1006 3784 1294 3850 Latinum
1317 3835 1335 3871 ‚
1365 3798 1481 3851 etc.
1517 3784 1637 3875 2),
1671 3803 1845 3855 erant
1872 3793 2029 3858 Latii
2063 3795 2277 3860 incolae
2316 3818 2463 3861 cum

443 3893 741 3959 Romanis
770 3895 998 3963 foedcre
1035 3898 1285 3988 juncti,
1334 3912 1395 3965 et
1439 3888 1806 4001 quibusdam
1842 3906 2179 3996 privilegiis
2215 3909 2462 3998 donati,

447 4028 586 4092 quae
612 4009 877 4074 latinitas
917 4012 1011 4076 vel
1036 4012 1142 4099 jus
1170 4015 1321 4079 Latii
1367 4027 1679 4085 vocantur,
1712 4019 1931 4085 Foedus
1955 4022 2112 4088 illud
2141 4021 2255 4112 3),
2300 4027 2461 4090 inter

445 4122 797 4191 Romulum*
828 4136 889 4193 et
928 4124 1192 4195 Albanos
1217 4140 1527 4219 emptum,
1575 4154 1747 4221 mox,
1779 4146 1910 4223 post
1946 4134 2205 4206 deletam
2239 4139 2457 4205 Albam
2537 4155 2540 4164 ·
