3111 4829
1520 382 1545 464 (
1589 380 1707 444 440
1746 379 1772 463 )

632 518 770 584 'cior
796 514 1086 599 Doricus3
1124 512 1371 578 Ionicus
1408 512 1715 598 graciliori
1753 513 2040 578 columna
2059 523 2092 598 ,'
2123 516 2323 580 voluto
2354 516 2674 603 capitulo;

641 641 978 718 postremus
1035 639 1306 714 tempore
1368 625 1720 691 Corinthius
1744 675 1762 710 ‚
1813 627 2080 712 capitulo
2146 630 2360 694 altiore
2385 678 2403 712 ‚
2468 632 2631 695 soliis
2656 681 2678 715 ‚

640 743 884 809 acanthi
906 743 1207 829 imprimis
1230 791 1246 823 ,
1276 742 1344 805 in
1374 739 1597 805 calathi
1632 740 1897 827 speciem
1921 751 2137 805 ornato
2177 740 2262 828 1).
2298 744 2372 806 ln
2397 745 2677 831 antiquis

641 858 1069 922 columnarum
1093 841 1411 918 ordinibus
1430 847 1613 916 etiam
1636 852 2040 936 Tuscanieus‚
2063 852 2291 917 Dorico
2317 854 2670 940 proximus3

640 971 941 1038 recentior
961 968 1231 1050 Italicus,
1246 990 1315 1031 ex
1346 967 1554 1031 lonico
1580 977 1641 1031 et
1666 966 1982 1032 Corinthio
2004 968 2250 1032 mixtus.
2279 969 2333 1031 A
2360 971 2677 1034 columnis

645 1087 934 1153 differunt
980 1094 1289 1170 parastatae
1331 1081 1720 1169 (parastatica
1739 1131 1756 1165 ‚
1800 1083 2042 1170 pilier,
2081 1080 2453 1170 pilastre),
2507 1085 2678 1151 inter

548 1234 557 1244 ·
642 1223 793 1289 quas
819 1210 976 1263 antae
1002 1218 1248 1284 quoque
1277 1195 1710 1260 discernuntur
1737 1192 1826 1284 2).
1854 1196 1951 1259 Ab
1972 1196 2246 1283 utrisque
2266 1195 2518 1261 diversae
2547 1221 2676 1263 co-

640 1317 998 1380 lumnarum
1029 1311 1160 1375 vice
1189 1312 1517 1397 fungentes
1545 1310 1762 1396 figurae
1791 1308 2106 1392 humanae,
2129 1331 2164 1372 c
2209 1309 2437 1396 quibus
2464 1312 2675 1378 viriles
2777 1315 2794 1327 ”

641 1429 996 1492 Telamones
1025 1436 1087 1489 et
1126 1425 1397 1508 Atlantes
1415 1472 1434 1506 ‚
1464 1423 1743 1500 t'oeminoe
1764 1472 1783 1507 ,
1814 1435 1882 1488 ut
1907 1423 2198 1489 mulieres
2220 1425 2447 1489 stolatae
2467 1472 2485 1509 ,
2514 1448 2674 1512 pro-

643 1541 775 1627 prie
803 1539 1138 1628 caryatides
1169 1551 1394 1604 vocatae
1425 1533 1517 1625 3).

628 1737 637 1742 .
708 1703 760 1766 1)
782 1702 1056 1750 Discrimen
1078 1700 1309 1747 ordinum
1327 1698 1378 1745 in
1396 1698 1661 1761 Schlcgelis
1684 1698 1807 1748 Areo
1831 1698 2124 1748 Groecorum
2150 1698 2223 1748 sic
2243 1695 2602 1766 expressimus:
2661 1695 2670 1724 ¹
2774 1718 2781 1723 ·

968 1791 1197 1854 simplice
1215 1790 1342 1836 Dora
1361 1790 1518 1851 pavis
1537 1825 1553 1850 ‚
1578 1789 1741 1838 mollis
1762 1795 1856 1838 stat
1873 1791 1995 1839 Iona
2016 1791 2186 1841 voluto
2204 1787 2232 1853 ,'

1035 1880 1155 1925 Fert
1174 1879 1392 1941 Ephyres
1416 1881 1637 1928 cinctum
1657 1880 1832 1929 fronde
1855 1882 2084 1930 columna
2108 1869 2277 1947 caput.
2309 1911 2314 1918 ·

628 1957 698 2039 ⁷2)
723 1972 915 2026 vitruv.
939 1986 951 2018 :
980 1966 1172 2019 Trabes
1187 1981 1348 2030 supra
1364 1966 1628 2014 columnas
1647 1975 1696 2014 et
1711 1947 2051 2030 parastatis-ds
2069 1949 2119 2018 et
2133 1949 2287 2019 'an'tas
2298 1980 2585 2035 ponuntur.
2604 2001 2678 2013 —-

645 2063 698 2127 ὃ)
725 2062 766 2111 Α
799 2060 951 2109 Curiis
970 2097 986 2124 ‚
1034 2057 1215 2124 oppido
1234 2054 1463 2105 Laconia
1484 2091 1501 2121 ‚
1539 2056 1683 2122 cujus
1715 2056 1929 2122 virgines
1961 2058 2234 2125 caryatides
2268 2061 2545 2126 adpellata.
2590 2059 2677 2113 Cf.

643 2152 837 2203 vitruv.
857 2150 882 2201 1
901 2187 919 2218 ,
945 2149 996 2200 1.

1335 2311 1561 2357 mustos.
1602 2312 1681 2356 ΒΤ
1725 2307 1974 2358 nmncA.

735 2462 885 2524 442.
933 2458 1179 2523 Musicoe
1201 2454 1480 2517 vocabuli
1501 2453 1682 2516 latius
1702 2465 1864 2538 patet
1884 2453 1950 2518 in
1975 2453 2334 2521 Graecorum
2362 2479 2673 2543 sermone,

644 2596 829 2663 quam
862 2573 927 2635 in
955 2567 1396 2634 recentioribus
1417 2613 1436 2647 ‚
1466 2566 1654 2630 notio.
1691 2567 1846 2630 Nam
1877 2577 1937 2631 et
1967 2581 2339 2635 concentum
2369 2572 2493 2635 sive
2517 2572 2683 2638 har-—

644 2689 917 2755 moniam
941 2682 1242 2769 significat
1262 2729 1279 2762 ,
1303 2701 1425 2767 quo
1445 2701 1628 2743 sensu
1654 2679 1954 2744 veteribus
1980 2680 2232 2766 probata
2248 2683 2437 2771 Pytha
2447 2707 2686 2768 goraeo-

644 2823 783 2868 rum
809 2798 1077 2862 musices
1112 2795 1178 2857 in
1213 2793 1483 2857 divinam
1507 2803 1568 2857 et
1591 2772 1970 2858 mundanam
2000 2795 2122 2859 sive
2148 2806 2488 2861 terrestrem
2527 2797 2680 2863 dis-

643 2913 879 2999 tinctio,
911 2921 975 2974 et
1002 2930 1126 2973 non
1148 2904 1225 2972 ad
1265 2916 1455 2970 artem
1487 2905 1668 2970 modo
1690 2954 1709 2989 ,
1746 2906 2198 2992 instrumentis,
2235 2919 2307 2972 ut
2343 2931 2673 2997 vocamus,

644 3025 895 3094 musicis
917 3032 1192 3088 utentem
1210 3069 1229 3105 ,
1258 3018 1634 3084 sed'omnino
1663 3018 1742 3083 ad
1771 3031 1973 3084 motus
2009 3043 2308 3107 sonosque
2339 3020 2417 3086 ad
2442 3046 2682 3089 nume-

641 3164 783 3209 rum
806 3141 928 3204 sive
953 3134 1363 3223 rhythmicam
1388 3135 1590 3220 legem
1611 3133 2002 3219 compositos,
2033 3133 2293 3222 ideoque
2316 3136 2390 3200 ad
2416 3138 2626 3223 poesin
2656 3188 2678 3224 ,

641 3255 1022 3323 saltationem
1060 3260 1122 3314 et
1150 3248 1466 3311 mimicam
1502 3248 1796 3330 refertur3
1833 3246 2000 3312 unde
2034 3248 2270 3313 musica
2304 3249 2677 3337 orchestria,

637 3367 990 3461 hypocrita,
1034 3361 1417 3450 rhythmica,
1464 3372 1580 3426 etc.
1628 3363 1719 3426 De
1764 3361 1999 3425 musica
2043 3372 2287 3445 autem,
2335 3385 2458 3450 quo
2495 3384 2677 3433 nune

638 3507 819 3550 sensu
846 3480 1109 3561 dicitur,
1142 3497 1286 3558 nos,
1313 3474 1458 3538 artis
1480 3485 1541 3538 et
1567 3484 1848 3538 caeteram
1879 3483 1940 3537 et
1966 3472 2310 3538 technicam
2339 3474 2670 3559 rationem,

638 3611 710 3665 ut
740 3606 901 3663 extra
933 3592 1087 3656 fines
1113 3589 1387 3655 muneris
1417 3570 1606 3653 nostri
1637 3586 1825 3673 posita
1845 3636 1863 3671 ‚
1891 3586 2233 3669 mittentes,
2262 3585 2395 3653 haec
2419 3598 2672 3655 tantum

639 3723 945 3777 notamus.
986 3703 1374 3788 Singularem
1422 3702 1487 3765 in
1528 3701 1758 3767 Graecis
1798 3700 2060 3765 musices
2100 3722 2415 3784 amorem,
2458 3712 2522 3766 et
2551 3723 2672 3766 so-

640 3827 891 3889 lennem
936 3820 1004 3883 in
1065 3817 1356 3903 religiosis
1397 3816 1816 3898 caeremoniis,
1859 3815 1928 3880 in
1956 3814 2308 3897 conviviis,
2362 3816 2450 3899 in¹
2478 3838 2673 3888 scena

640 3954 822 4000 usum
845 3982 861 4015 ‚
885 3932 1107 3996 miram
1134 3930 1283 3995 item
1315 3940 1375 3993 et
1397 3929 1489 3993 vix
1509 3929 1868 3995 credibilem
1895 3929 1962 3993 in
1985 3927 2206 3992 animis
2231 3929 2669 4012 permovendis

644 4049 768 4111 vim
820 4045 1137 4131 scriptores
1176 4055 1491 4110 testantur.
1547 4042 1667 4109 Sed
1713 4044 1909 4130 qualis
1928 4092 1947 4126 ‚
1992 4053 2053 4107 et
2101 4062 2224 4128 quo
2242 4029 2250 4037 ’
2268 4042 2666 4128 potissimum
