3111 4829
1602 406 1811 489 (56)

701 535 826 599 qnia
838 549 933 597 por
948 533 1313 597 leyemjuniam
1332 533 1602 585 mertuum
1616 543 1933 602 acceperunt,
1950 553 2110 603 quum
2124 540 2245 589 olim
2258 543 2391 591 servi
2403 542 2699 592 adamatur

700 637 886 670 eue.—-
901 621 957 686 7)
980 621 1054 669 cf.
1077 620 1207 670 Plin.
1226 620 1339 686 Ep.
1359 620 1419 686 7,
1446 621 1526 673 16.
1547 651 1607 661 —
1627 623 1679 688 8)
1700 624 1763 675 V.
1789 625 1936 692 Uulp.
1958 626 2169 692 Fraqm.
2188 628 2222 678 3
2239 664 2256 693 ,
2287 629 2335 679 1.
2355 645 2465 695 sqq.
2485 666 2502 695 ,
2539 629 2691 681 Hein-

700 708 724 758 1
748 746 765 775 ,
787 708 819 759 4
840 713 891 758 et
909 708 942 759 5
959 745 976 774 ,
1000 708 1082 759 12.
1328 722 1331 725 ’

746 872 851 937 64.
870 874 983 936 Lex
1006 870 1190 937 Junia
1215 870 1494 936 Norbana
1512 894 1634 936 non
1655 872 1822 957 justo
1844 874 2021 938 modo
2039 878 2552 944 manumissorum
2569 879 2691 944 in—

691 996 918 1050 certam
944 994 1154 1068 antea,
1181 994 1363 1070 atque
1383 1033 1401 1068 ,
1446 995 1515 1049 ut
1552 986 1839 1069 conjicias
1859 1034 1877 1069 ,
1907 1009 2032 1051 non
2062 1009 2278 1073 parum
2324 989 2689 1075 implicitam

690 1095 1099 1161 conditionem
1128 1095 1424 1160 definiens
1445 1145 1462 1179 ,
1494 1099 1723 1162 civium
1754 1099 2183 1165 libertinorum
2213 1123 2542 1166 numerum
2566 1105 2689 1168 im-

688 1210 980 1274 minuisse
1019 1209 1249 1296 magis,
1289 1231 1475 1296 quam
1516 1212 1748 1276 auxisse
1772 1262 1789 1296 ,
1821 1212 2057 1277 videtur
2079 1262 2097 1297 ,
2137 1235 2258 1300 quo
2297 1238 2378 1279 ne
2416 1217 2687 1304 nequis-

684 1324 978 1388 simorum
1031 1324 1203 1409 copia
1249 1325 1316 1388 in
1380 1325 1716 1409 perniciem
1782 1326 2134 1411 reipublicae
2184 1340 2515 1412 cresceret,
2562 1329 2685 1393 sub

684 1436 958 1523 Augusto
987 1438 1168 1501 etiam
1190 1486 1208 1522 ,
1237 1436 1532 1522 libertati,
1577 1438 1906 1524 praesertim
1932 1437 2111 1521 justae
2145 1437 2238 1527 1),
2271 1440 2528 1504 minime
2568 1441 2683 1505 fa—

682 1552 880 1636 venti,
910 1562 1201 1617 caverunt
1230 1553 1395 1637 leges
1435 1552 1595 1616 AElia
1632 1551 1822 1615 sentia
1859 1549 1954 1639 (a.
1999 1548 2198 1638 757.)
2233 1563 2295 1616 et
2338 1552 2514 1617 Fusia
2546 1552 2683 1619 Ga-

681 1667 854 1731 ninia
880 1665 959 1755 (a.
992 1665 1115 1732 761
1142 1661 1175 1727 ⁴?
1194 1662 1221 1750 )
1243 1712 1261 1745 ,
1289 1666 1393 1728 illa
1420 1665 1581 1726 inter
1607 1664 1960 1763 alia-vetans
1980 1710 1997 1745 ‚
2027 1685 2108 1728 ne
2136 1665 2402 1730 minores
2427 1665 2684 1753 triginta

679 1784 857 1847 annis
891 1782 1051 1843 cives
1090 1776 1308 1840 fierent
1355 1776 1567 1857 aliter,
1617 1796 1806 1860 quam
1844 1773 2108 1840 vindicta
2146 1776 2312 1860 apud
2349 1779 2680 1846 consilium

675 1903 839 1979 justa
870 1911 1052 1955 causa
1089 1887 1449 1950 manumissi
1492 1883 1602 1974 2),
1642 1907 1724 1963 ne
1772 1885 2057 1949 solvendo
2102 1886 2301 1971 impar
2341 1886 2629 1953 dominus
2654 1941 2676 1976 ,

678 2026 831 2070 neve
870 2000 1086 2088 viginti
1121 2000 1298 2064 annis
1332 2000 1537 2063 minor
1575 1998 2049 2063 manumitteret.
2099 1998 2327 2063 Eadem
2365 2001 2460 2064 lex
2502 2023 2677 2068 servo

680 2115 939 2204 graviori
970 2134 1145 2198 poena
1166 2159 1185 2195 ‚
1225 2112 1391 2174 velut
1433 2110 1744 2195 stigmate,
1790 2109 2027 2175 adfecto
2069 2112 2315 2177 nonnisi
2359 2111 2676 2180 dedititio-

676 2250 819 2293 rum
845 2224 1256 2290 conditionem
1296 2220 1668 2286 concedebat
1714 2217 1828 2309 3),
1867 2233 1928 2285 et
1989 2222 2257 2308 ingratos
2299 2223 2545 2289 libertos
2585 2228 2671 2293 ad

670 2340 950 2407 latumias
973 2336 1298 2402 damnabat
1328 2332 1417 2422 4).
1449 2336 1793 2400 Numerum
1818 2381 1836 2416 ,
1891 2335 1997 2422 qui
2033 2346 2384 2400 testamento
2416 2337 2671 2404 liberari

669 2466 870 2545 posset
890 2498 915 2535 φ
945 2451 1181 2516 cautius
1230 2448 1708 2533 circumscripsit
1742 2451 1838 2512 lex
1876 2449 2055 2514 Fusia
2116 2451 2370 2516 Caninia
2400 2448 2488 2537 5).
2524 2453 2669 2519 Gae-

669 2583 871 2636 terum
906 2563 1051 2630 inde
1089 2562 1168 2625 ab
1223 2561 1500 2645 Augusto
1542 2560 1819 2623 restricta
1854 2560 2190 2644 impensius
2228 2574 2414 2647 atque
2454 2563 2667 2650 impe-

633 2717 646 2731 ·
668 2683 832 2766 dita,
868 2686 937 2744 'ut
964 2674 1215 2741 omnino
1257 2671 1464 2737 civitas
1484 2669 1573 2758 (ς.
1610 2667 1781 2755 65.),
1819 2671 1904 2733 sic
1934 2671 2100 2753 justa
2129 2670 2402 2754 libertaS,
2433 2674 2666 2742 seriore

669 2799 978 2864 Caesarnm
1004 2799 1176 2853 aetate
1213 2785 1390 2851 variis
1429 2783 1507 2848 de
1541 2783 1736 2847 causis
1771 2783 2059 2846 facillime
2101 2783 2413 2868 impetrari
2448 2788 2666 2874 caepit3
2773 2830 2788 2842 ·

666 2908 861 2975 donec
902 2906 937 2970 J
943 2903 1276 2968 ustinianus
1300 2950 1318 2984 ,
1362 2898 1691 2963 Junianam
1729 2896 1976 2961 abolens
2012 2898 2407 2983 latinitatem,
2453 2899 2670 2967 minus

660 3024 840 3110 justae
866 3014 1354 3107 manumissionis
1377 3060 1395 3096 ,
1425 3034 1575 3098 quas
1603 3009 1865 3074 diximus
1884 3059 1902 3091 ,
1939 3011 2165 3095 species
2207 3013 2411 3097 plures
2438 3012 2667 3080 effectu

660 3137 839 3222 justis
877 3125 1173 3218 aequavit,
1221 3137 1466 3192 caeteras
1517 3133 1725 3188 autem
1760 3144 1971 3188 omnes
2028 3121 2106 3187 ad
2148 3124 2506 3190 mutandam
2550 3127 2669 3190 ci·-

661 3249 844 3313 vilem
869 3243 1022 3310 servi
1042 3239 1453 3306 conditionem
1482 3235 1735 3300 inutiles
1781 3233 2046 3300 reddidit
2085 3232 2194 3321 6),
2236 3235 2404 3301 idem
2446 3248 2662 3306 tamen

659 3369 1009 3448 patronatus
1046 3354 1189 3439 jura
1244 3349 1343 3439 (ς.
1403 3344 1595 3434 140.)
1638 3346 1901 3412 dominis
1959 3369 2195 3413 servans
2235 3346 2325 3434 7).
2377 3347 2664 3415 Libertus

660 3475 830 3541 enim
852 3522 871 3557 ,
928 3470 1070 3533 licet
1109 3465 1295 3547 civis,
1344 3473 1476 3526 tum
1526 3460 1663 3525 aliis
1723 3462 2036 3528 nonnullis
2079 3462 2350 3546 ingenuo
2394 3459 2662 3528 inferior

655 3589 797 3671 jure
821 3634 839 3669 ‚
885 3595 1022 3649 tum
1063 3598 1242 3660 vero,
1289 3584 1494 3660 utpote
1536 3572 1671 3656 ejus
1734 3575 1924 3638 cliens
1964 3575 2215 3661 factus,
2256 3592 2402 3655 erga
2448 3569 2661 3636 domi-

658 3719 812 3760 num
836 3745 854 3780 ,
897 3718 935 3760 a
975 3713 1104 3780 quo
1146 3687 1555 3755 manumissus
1597 3697 1761 3769 erat,
1813 3686 1981 3750 solito
2015 3686 2173 3747 inter
2220 3692 2545 3766 patronum
2591 3700 2662 3752 et

658 3809 944 3874 clientem
982 3827 1143 3869 nexu
1168 3803 1507 3868 tenebatur.
1545 3800 1715 3881 Quin
1747 3798 1929 3861 etiam
1958 3817 2112 3880 saepe
2149 3795 2301 3858 servi
2334 3795 2448 3861 sub
2484 3819 2657 3863 con-

660 3919 884 3984 ditione
924 3915 1395 3999 praestantiorum
1418 3923 1548 3998 post
1578 3911 1914 3974 officiorum
1940 3907 2351 3972 liberabantur
2373 3906 2460 3996 8).
2515 3913 2657 3978 Ad-

657 4051 860 4097 versus
880 4022 1168 4091 libertum
1196 4027 1505 4110 ingratum
1527 4023 1789 4087 actiones
1809 4019 1990 4084 dabat
2005 4020 2098 4083 lex
2123 4019 2283 4085 AElia
2307 4021 2511 4087 Sentia
2533 4022 2605 4109 9)
2632 4051 2649 4106 3
