3111 4829
1559 334 1816 420 (344)

778 467 880 536 15.
927 465 1083 535 Ludi
1135 466 1370 553 Plebeji
1426 466 1488 532 in
1546 466 1744 534 Circo.
1806 466 2025 553 Iidem
2074 481 2157 564 pt
2170 470 2390 555 aliae,
2410 470 2701 537 incertis

681 574 915 646 diebus,

775 699 877 761 18.
925 696 1347 779 Mei-curialia,
1386 707 1836 780 mercatorum,
1895 709 1968 764 ut
2013 698 2403 784 conjiciunt3
2454 698 2616 765 sed
2597 721 2704 763 m-

677 817 840 870 certa
883 807 1081 871 lectio.
1129 807 1356 872 Eadem
1386 806 1603 893 saepius
1642 820 1990 875 recurrunt.

764 919 996 984 Eodem
1031 942 1241 985 mense
1284 921 1599 986 Brumalia
1643 933 2065 987 memorantur

1355 1082 1609 1150 Mensis
1642 1082 2017 1151 December.

764 1247 917 1313 346.
969 1247 1112 1313 Dies
1151 1253 1210 1313 5.
1260 1249 1597 1331 Faunalia,
1643 1249 1852 1314 Fauno
1886 1247 1990 1336 (5.
2034 1250 2184 1314 308.
2210 1246 2283 1337 ),
2331 1249 2700 1314 rusticorum
2750 1253 2753 1256 ’

675 1358 801 1450 (cf.
841 1362 987 1425 Hor.
1022 1353 1320 1444 od.111‚
1368 1361 1522 1449 18.)

763 1478 866 1539 19.
915 1475 1299 1557 Saturnalia,
1354 1475 1619 1544 Saturno
1662 1474 1767 1564 (§.
1826 1474 2067 1562 301.),
2120 1498 2230 1562 per
2272 1478 2477 1563 plum
2523 1475 2698 1562 dies,

668 1589 777 1653 otii
822 1599 882 1652 et
923 1589 1269 1652 communis
1310 1588 1571 1671 laetitiae,
1615 1590 1982 1655 muneribus
2024 1589 2291 1658 invicem
2340 1591 2582 1674 missia,
2630 1590 2700 1655 in

665 1702 862 1787 iisque
893 1700 1083 1764 cereis
1104 1749 1121 1783 ,
1146 1698 1301 1786 quin
1330 1701 1515 1764 etiam
1547 1703 1764 1785 servia,
1794 1702 2045 1769 domino
2074 1705 2502 1789 ministrante,
2536 1728 2697 1793 epu-

663 1814 971 1897 lantibus,
1012 1813 1079 1877 in
1118 1815 1480 1880 memoriam
1506 1836 1712 1881 aureae
1744 1816 1861 1881 sub
1893 1819 2158 1886 Saturno
2189 1822 2413 1904 aetatis,
2441 1821 2697 1886 nemine

664 1929 959 1994 serviente
995 1930 1162 2018 (Liv.
1198 1931 1300 2012 11,
1335 1934 1412 1993 21
1442 1978 1460 2013 ,
1491 1932 1670 1996 XXX
1694 1980 1712 2014 ,
1744 1933 1870 2015 36,
1893 1934 2063 1998 Suet.
2107 1932 2253 2002 Cal.
2294 1934 2689 2019 17,ll1acrob.

662 2039 936 2109 Satura.
970 2044 1040 2127 1,
1081 2046 1155 2128 7,
1194 2046 1341 2109 Hor.
1381 2042 1523 2110 Sat.
1559 2047 1664 2127 11,
1705 2050 1780 2127 7,
1825 2043 1938 2134 4.)

757 2162 860 2224 19.
911 2157 1166 2244 Opalia,
1210 2158 1330 2244 Opi
1375 2158 1401 2249 (
1423 2158 1637 2225 Rhoae.
1666 2161 1742 2228 V.
1770 2162 2033 2226 Macrob.
2064 2163 2131 2244 I,
2173 2160 2324 2250 10.)

753 2273 861 2336 21.
909 2273 1146 2338 Divalia
1184 2271 1660 2362 (Angeronalia.
1692 2274 1768 2341 V.
1800 2274 2062 2339 Macrob.
2095 2272 2222 2362 ib.)

751 2385 857 2448 24.
909 2383 1067 2448 Ludi
1105 2385 1432 2451 Juvenales
1475 2385 1596 2476 (cs.
1643 2387 1814 2454 Suet.
1866 2383 2045 2454 Nero
2090 2387 2234 2478 11.)

760 2494 995 2561 Eodem
1038 2518 1249 2561 mense
1290 2498 1689 2564 recurrebant
1713 2501 2014 2588 Agonalia
2042 2513 2103 2566 et
2128 2502 2486 2591 Consualia,
2517 2507 2701 2591 item,

665 2610 884 2695 soepius
904 2608 1225 2693 celebrata,
1248 2610 1595 2698 compitalia
1612 2661 1630 2697 ,
1656 2614 1913 2678 Laribus
1937 2613 2346 2701 compitorum
2374 2617 2400 2706 (
2413 2621 2470 2705 5.
2502 2622 2699 2708 314.)

1525 2772 1605 2815 ΒΕ
1649 2773 1842 2816 mnus.

752 2891 904 2955 347.
957 2888 1118 2953 Cum
1148 2888 1314 2952 festis
1345 2888 1629 2974 plurimis
1660 2886 1981 2972 conjuncti
2010 2888 2142 2954 ludi
2187 2891 2422 2976 publici
2448 2941 2464 2976 ,
2494 2903 2556 2958 et
2580 2893 2701 2981 ipsi

663 3005 813 3068 festa
838 3002 1158 3088 adpellati‚
1189 3023 1304 3066 nee
1337 3023 1518 3086 parva
1546 3024 1682 3086 pars
1710 3011 1988 3067 veterum
2019 3002 2331 3089 religionis
2352 3055 2370 3087 ,
2397 3017 2691 3072 eaeterum

662 3120 769 3186 alii
796 3115 1254 3183 extraordinarii
1279 3163 1295 3198 ,
1326 3115 1433 3179 alii
1461 3114 1778 3198 consueti,
1809 3113 1979 3202 iique
1997 3163 2016 3197 ,
2043 3127 2115 3181 ut
2140 3120 2514 3204 supra'inter
2541 3122 2695 3187 festa

663 3235 840 3321 positi
865 3282 883 3318 ,
934 3242 1154 3296 statuto
1201 3229 1481 3315 plerique
1526 3239 1802 3314 tempore
1848 3241 2234 3298 recurrentes
2281 3230 2696 3323 (stati).11i⁸

663 3340 1250 3436 quinquennalesl)
1296 3363 1545 3429 quoque
1574 3352 1635 3405 et
1682 3340 2089 3427 decennaleS,
2130 3366 2240 3428 ae,
2287 3346 2339 3409 si
2369 3346 2500 3410 voci
2531 3369 2700 3412 con—

666 3470 913 3549 grueret
955 3469 1197 3543 tempus
1221 3505 1239 3539 ,
1290 3456 1607 3521 saeculares
1646 3454 2099 3521 adnumerandi
2149 3458 2350 3522 forent
2376 3506 2395 3542 ‚
2446 3459 2579 3542 illi,
2627 3461 2698 3526 in

657 3575 870 3640 numia
890 3573 1077 3638 etiam
1103 3571 1454 3654 memorati,
1485 3571 1646 3635 salvo
1668 3570 1940 3657 Principi
1966 3583 2098 3657 post
2126 3593 2325 3636 unum
2354 3569 2551 3636 duove
2579 3573 2703 3639 im-

659 3694 818 3781 perii
862 3694 1050 3757 lustra
1078 3740 1095 3775 ,
1137 3690 1455 3756 saeeulares
1499 3699 1711 3754 autem
1758 3710 1875 3753 neo
1925 3688 2040 3754 sub
2088 3687 2423 3751 Caesaribus
2472 3672 2697 3757 eodem

663 3829 902 3892 semper
931 3804 1250 3871 intervallo
1276 3803 1518 3891 repetiti
1543 3799 1649 3889 2),
1676 3814 1738 3867 et
1766 3803 1834 3866 in
1863 3802 2053 3866 libera
2082 3800 2323 3865 civitate
2353 3801 2694 3888 interdum,

662 3921 1057 3994 monentibus
1096 3919 1268 3984 libris
1304 3919 1658 4006 Sibyllinis,
1706 3919 1773 3981 in
1811 3917 2058 4003 publica
2087 3917 2430 3983 calamitate
2474 3918 2695 3985 indicti

661 4034 1064 4097 inveniuntur
1094 4029 1204 4118 3),
1235 4032 1426 4097 iidem
1458 4033 1605 4096 olim
1642 4033 1765 4097 Diti
1796 4043 1857 4097 et
1888 4030 2261 4117 Proserpinae
2282 4081 2299 4115 ,
2330 4044 2460 4119 post
2490 4033 2696 4120 pluri-
