3111 4829
1600 403 1622 481 (
1665 403 1743 463 90
1789 409 1813 486 )

695 554 784 607 est
816 564 945 606 rem
969 562 1142 605 suam
1170 540 1234 602 in
1259 540 1519 602 alterum
1552 548 1777 601 mutuo
1799 558 2135 621 consensu,
2172 540 2343 622 nulla
2365 540 2502 625 lege
2524 540 2721 603 rituve

694 668 953 739 servato,
998 651 1415 720 transferentis
1447 649 1537 739 6).
1592 632 1732 718 Huc
1775 650 1962 716 etiam
2008 649 2324 718 trahendae
2365 674 2501 738 res,
2530 674 2670 740 quaa
2700 628 2728 738 ,Ι

690 770 953 836 venditoe
983 765 1339 853 simpliciter
1363 814 1380 849 ‚
1416 765 1666 829 emtoris
1688 777 1865 850 sunt,
1913 766 1964 830 si
1995 768 2259 853 pretium
2292 767 2563 834 solutum
2593 791 2721 835 esse
2813 798 2816 807 ·

687 895 942 951 constat.
2019 960 2030 975 ·

774 997 1227 1085 Aequisitiones
1256 994 1462 1059 civiles
1492 993 1572 1057 ab
1602 994 1736 1058 aliis
1766 993 2007 1079 plurcS,
2049 994 2128 1060 ab
2173 996 2308 1060 aliis
2352 999 2668 1083 pauciores
2697 1047 2716 1081 ,

687 1113 764 1179 ab
794 1110 1127 1177 Heineccio
1149 1107 1218 1198 7)
1239 1107 1571 1176 duodecim
1604 1107 1672 1197 8)
1696 1121 2016 1195 ponuntur
2041 1106 2109 1197 9)
2139 1133 2155 1176 2
2184 1107 2520 1196 hereditas,
2543 1135 2719 1177 man-

685 1227 941 1312 cipatio,
969 1226 1035 1290 in
1055 1226 1201 1311 jure
1230 1226 1447 1309 cessio,
1478 1226 1810 1311 usucapio,
1841 1223 1956 1290 sub
1975 1247 2199 1291 corona
2230 1227 2417 1290 emtio
2438 1276 2456 1311 ,
2482 1230 2715 1312 auctio,

689 1340 970 1425 traditio,
1003 1335 1380 1425 adjudicatio
1402 1388 1420 1423 ,
1475 1340 1572 1404 lex
1595 1389 1612 1424 ‚
1664 1339 1967 1426 arrogatio
1989 1387 2007 1423 ‚
2059 1337 2343 1423 donatio,
2387 1339 2602 1405 modus
2641 1362 2716 1406 ex

682 1455 1207 1521 senatusconsulto
1251 1452 1609 1520 Claudiano.
1655 1455 1744 1521 Ex
1802 1452 1900 1517 his
1950 1454 2322 1541 mancipatio
2374 1453 2400 1545 (
2422 1452 2484 1536 §.
2518 1456 2625 1520 97.
2651 1452 2716 1544 ),

680 1573 750 1635 in
772 1571 917 1655 jure
928 1570 1119 1635 cessio
1140 1579 1201 1634 et
1220 1569 1515 1655 usucapio
1532 1569 1642 1654 jus
1661 1569 1986 1656 proprium
2005 1570 2244 1635 civibus
2255 1569 2552 1636 Romanis
2575 1567 2710 1657 10).

682 1687 757 1749 In
782 1685 927 1769 jure
962 1705 1094 1748 rem
1127 1684 1251 1747 sive
1280 1684 1662 1767 corporalem
1694 1684 1820 1748 sive
1847 1684 2295 1770 incorporalem
2316 1680 2426 1768 11)
2446 1682 2716 1748 vindicat

677 1809 873 1864 emtor
895 1798 1159 1862 formula
1211 1796 1390 1862 lianc
1435 1821 1548 1887 eqo
1594 1821 1737 1862 rem
1777 1799 2036 1885 exjure
2079 1796 2457 1885 Quiritium
2493 1820 2712 1862 meam

675 1936 812 1977 esse
843 1914 955 2001 ajo
977 1912 1064 2000 (§.
1101 1912 1183 1973 57
1211 1921 1274 1976 et
1296 1907 1435 1998 87.)
1453 1960 1471 1994 ,
1504 1910 1668 1975 cedit
1696 1909 1987 1975 dominus
2008 1960 2027 1995 ‚
2057 1911 2156 1975 vel
2183 1921 2428 1993 tacens,
2456 1911 2550 1973 vel
2579 1932 2711 1973 ne·-

675 2048 827 2113 gans
858 2074 876 2109 ,
909 2024 1363 2111 interrogante,
1414 2047 1496 2089 an
1524 2036 1739 2091 contra
1791 2025 2094 2108 vindicet,
2135 2025 2497 2111 magistratu
2522 2073 2539 2108 ‚
2597 2025 2713 2110 qui
2809 2050 2813 2054 *

669 2161 802 2204 rem
846 2137 1184 2203 vindicanti
1225 2135 1456 2202 addicit
1511 2136 1644 2227 12).
1699 2139 1776 2202 In
1812 2161 1960 2224 Jure
2012 2138 2203 2203 cessio
2251 2139 2318 2202 in
2378 2138 2710 2224 provinciis

671 2276 918 2341 quoque
947 2263 1273 2338 usurpata3
1303 2263 1599 2317 caeterum
1625 2303 1642 2335 ,
1689 2264 1763 2318 ut
1788 2254 1996 2320 minus
2024 2252 2351 2318 commoda
2373 2301 2392 2338 ‚
2424 2276 2559 2321 rara
2588 2251 2713 2317 fuit

668 2369 736 2433 in
768 2367 951 2433 rebus
978 2416 995 2451 ‚
1035 2387 1174 2453 quae
1212 2364 1473 2452 perinde
1514 2367 1971 2454 mancipatione
2015 2367 2445 2436 alienabantur
2493 2363 2623 2453 13).

737 2550 1034 2615 1)Cf.}1ugo
1060 2548 1302 2619 §.115.-
1319 2549 1372 2611 Ξ)
1397 2550 1459 2598 V.
1483 2553 1678 2602 Inscite.
1704 2552 1771 2613 2,
1800 2552 1822 2600 1
1846 2587 1863 2613 ,
1890 2552 1971 2601 11.
1994 2579 2059 2591 --
2081 2554 2136 2614 ὅ)
2177 2553 2323 2602 Hein.
2347 2553 2413 2615 2,
2438 2552 2460 2601 1
2489 2589 2507 2616 ,
2540 2552 2711 2603 21.-

664 2639 716 2698 ⁴>
748 2640 941 2689 Imtin.
966 2640 1000 2687 2
1019 2676 1034 2703 ‚
1058 2639 1081 2688 1
1106 2675 1123 2703 ,
1167 2638 1247 2688 19.
1270 2638 1509 2701 -5)1b.
1553 2636 1599 2707 §.
1625 2639 1709 2688 40.
1734 2639 1810 2688 Cf.
1836 2640 1980 2703 liuga
2001 2637 2045 2707 §.
2071 2640 2187 2690 121.
2210 2667 2275 2678 —
2298 2641 2351 2700 6)
2391 2643 2505 2706 Ulp.
2537 2643 2615 2705 ¹9,
2639 2643 2672 2692 7
2693 2679 2713 2705 ,

663 2730 870 2778 traditio
897 2731 1115 2792 propria
1147 2735 1221 2775 est
1239 2728 1483 2778 alienatio
1506 2744 1695 2788 rerum⁴
1718 2743 1811 2776 nec
1850 2732 2098 2791 mancipi.
2122 2730 2333 2780 Harum
2356 2745 2529 2779 rerum
2546 2733 2712 2779 domn·-

658 2822 756 2882 m'a
786 2821 902 2882 ipsa
934 2817 1205 2874 traditione
1243 2819 1702 2882 adprehendimus,
1740 2818 1961 2882 scilicet,
1996 2821 2046 2866 εἰ
2065 2833 2131 2866 οι·
2140 2819 2289 2881 justa
2321 2834 2479 2869 causa
2500 2822 2704 2872 traduce

660 2917 786 2958 cunt
799 2908 962 2957 nobie.
984 2907 1061 2955 ef.
1084 2906 1189 2973 Caj.
1212 2907 1352 2973 2⁷65
1373 2913 1424 2957 et
1444 2907 1592 2956 66.—
1617 2907 1670 2966 7)
1697 2906 1746 2969 2,
1775 2906 1824 2969 1,
1849 2906 1931 2954 22.
1951 2932 2014 2944 -
2032 2906 2084 2970 8)
2114 2906 2190 2955 Cf.
2212 2906 2446 2956 Varrode
2470 2907 2539 2957 R.
2559 2908 2627 2958 R.
2649 2911 2704 2975 2,

662 2999 743 3048 10.
768 3024 833 3037 -
851 2998 906 3063 9)
928 2997 1244 3063 Singularum
1267 3013 1437 3046 rerum
1457 2996 1629 3046 modos
1647 2996 1939 3060 acquirendi
1955 2997 2195 3061 Ulpianus
2218 2997 2279 3045 19
2298 3034 2313 3061 ,
2336 2998 2401 3062 23
2424 2997 2706 3048 flacit-man-

659 3089 960 3155 cipationem
978 3125 994 3154 ,
1019 3087 1337 3138 traditionem
1362 3124 1378 3150 ‚
1417 3088 1771 3152 usucapionem
1789 3125 1807 3152 ‚
1849 3087 1903 3136 in
1934 3088 2051 3152 jure
2091 3087 2363 3137 cessionem
2383 3124 2401 3150 ‚
2443 3088 2701 3154 adjudica-

662 3180 850 3230 tionem
872 3216 888 3241 ‚
929 3179 1109 3243 legem.
1133 3203 1196 3217 --
1211 3178 1294 3238 10)
1313 3177 1420 3241 Caj.
1442 3178 1501 3240 2,
1532 3177 1626 3239 65,
1653 3177 2064 3241 Mancipationie
2085 3183 2134 3226 ee
2154 3180 2220 3238 in*
2232 3178 2358 3240 jure
2386 3181 2625 3242 cessionis
2656 3187 2709 3228 et

658 3271 997 3332 usucapionis
1019 3269 1116 3331 jue
1149 3268 1427 3331 proprium
1460 3273 1536 3315 est
1571 3268 1763 3314 civium
1786 3265 2158 3317 Romanorum.
2183 3292 2250 3308 --
2269 3266 2353 3328 11)
2378 3268 2453 3317 Cf.
2495 3268 2637 3330 Ilugo
2653 3265 2700 3335 §-

657 3359 741 3408 97.
764 3359 917 3423 -12)
940 3358 1045 3425 Caj.
1062 3358 1096 3409 2
1112 3395 1130 3426 ,
1167 3357 1251 3409 24.
1268 3382 1337 3398 --
1360 3355 1447 3422 13>
1470 3356 1546 3406 cf.
1571 3357 1675 3422 Caj.
1692 3356 1724 3404 2
1742 3393 1758 3421 ,
1781 3355 1864 3406 25.

752 3528 903 3593 100.
954 3524 1340 3612 Usucapione
1368 3522 1472 3613 1),
1505 3524 1634 3608 rei,
1662 3546 1882 3612 quam,
1911 3522 2076 3589 bona
2099 3523 2226 3589 fide
2251 3531 2562 3607 acceptam
2588 3520 2698 3611 2),

656 3642 724 3705 in
757 3640 935 3707 bonis
974 3641 1125 3707 civis
1152 3641 1512 3723 Romanus,
1554 3640 1679 3704 sive
1714 3641 1985 3706 emtione
2024 3639 2149 3703 sive
2185 3637 2334 3702 alias
2367 3635 2653 3704 traditam
2677 3688 2697 3724 ,

655 3751 872 3837 habet,
899 3732 1249 3824 dominium
1294 3777 1367 3822 ex
1399 3754 1547 3840 jure
1570 3753 1917 3836 Qniritium
1960 3751 2259 3818 continua
2297 3772 2407 3835 per
2448 3762 2694 3818 certum

661 3876 904 3950 tempus
949 3866 1323 3952 possessione
1377 3867 1742 3954 acquiritur.
1808 3864 2179 3950 Peregrinus
2230 3885 2370 3928 non.
2415 3867 2700 3951 usucapit

658 4000 790 4043 rem
826 3978 974 4041 civis
1008 3981 1277 4046 Romani
1301 3979 1391 4068 3).
1424 3983 1697 4068 Tempus
1731 4004 1767 4044 c
1808 3980 1944 4065 lege
1984 3979 2103 4042 XII
2139 3977 2328 4070 Tabh.
2373 3978 2441 4043 in
2491 3980 2698 4044 mobi-

653 4093 816 4158 libus
855 4103 1099 4178 a'nnus‚
1156 4095 1226 4161 in
1276 4094 1490 4162 fundis
1532 4107 1594 4159 et
1636 4092 1871 4160 aedibus
1915 4092 2240 4158 biennium
2296 4089 2384 4180 4).
2419 4095 2474 4157 A
2526 4094 2688 4166 bona
