3111 4829
1453 366 1705 447 (438)

568 502 759 564 simus
790 549 807 583 ,
863 511 1028 565 certe
1090 501 1378 587 frequens
1434 522 1585 563 usus
1634 500 1701 563 in
1761 501 2064 586 parietum
2111 513 2175 568 et
2214 523 2606 567 camerarum

568 614 815 678 tectorio
840 662 857 696 ,
901 635 1040 679 cera
1082 613 1393 678 interdum
1438 623 1647 680 contra
1688 612 1826 677 solis
1864 612 2267 703 humorisque
2309 617 2436 680 vim
2481 615 2602 679 ob-

571 726 773 790 ducto.
801 726 1160 810 Cujusmorli
1184 728 1437 814 picturae
1452 727 1735 813 vulgares
1755 727 1822 792 in
1846 729 2124 813 templis,
2147 729 2574 794 monumentis
2591 777 2610 811 ,

572 841 637 905 in
672 842 1041 926 privatorum
1074 863 1323 928 quoque
1365 840 1599 924 diaetis,
1652 845 1862 928 quales
1904 843 2414 908 Herculanenses.
2457 845 2612 907 Fre-

571 967 827 1041 quentes
847 956 996 1020 item
1017 956 1271 1043 picturae
1287 957 1354 1019 in
1377 956 1530 1020 vasis
1550 955 1784 1042 figlinis
1807 956 2032 1048 (vaces
2049 960 2203 1048 pein
2213 954 2321 1045 te),
2340 957 2574 1023 Graecis
2589 1006 2608 1040 ,

569 1071 837 1135 Etruscis
861 1119 880 1154 ,
920 1070 1086 1157 quod
1118 1081 1473 1156 superantes
1512 1080 1853 1154 testantur3
1890 1071 2148 1139 rariores
2190 1070 2260 1135 in
2305 1072 2460 1136 vitro
2484 1120 2502 1154 ‚
2541 1073 2611 1137 in

569 1206 876 1248 marmore
893 1234 910 1268 ‚
936 1195 1032 1268 et,
1060 1185 1176 1250 sub
1198 1185 1438 1249 Nerone
1458 1195 1812 1249 memoratae
1832 1234 1850 1268 ‚
1878 1185 1945 1249 in
1974 1185 2172 1249 linteo
2197 1182 2265 1272 2)
2289 1209 2307 1268 ;
2335 1184 2612 1273 denique

570 1300 849 1385 vulgares
874 1347 891 1378 ‚
924 1297 1087 1363 unde
1116 1299 1471 1365 tabularum
1496 1310 1558 1363 et
1595 1298 1960 1364 tabellarum
1984 1320 2217 1364 nomen
2240 1309 2477 1367 traxere
2495 1348 2514 1382 ,
2543 1300 2609 1364 in

567 1411 794 1476 tabulis
825 1413 1114 1497 picturoe,
1147 1436 1297 1500 quas
1339 1416 1606 1480 maxime
1647 1413 1984 1479 dolendum
2022 1423 2111 1477 est
2147 1413 2349 1478 nullas
2380 1411 2458 1477 ad
2500 1434 2609 1475 nos

568 1527 933 1611 pervenisse.
968 1527 1231 1593 Diversae
1257 1550 1501 1613 prorsus
1518 1576 1535 1611 ,
1562 1550 1765 1615 neque
1794 1528 1920 1593 huc
1942 1525 2256 1592 trahendae
2278 1526 2306 1616 (
2319 1529 2381 1613 §.
2414 1525 2610 1614 382.)

570 1639 801 1704 textiles
853 1637 966 1728 3),
1016 1640 1266 1705 diversae
1315 1641 1505 1707 etiam
1547 1641 1786 1706 musivo
1829 1661 2013 1727 opere
2038 1687 2057 1724 ‚
2104 1652 2178 1703 ut
2218 1639 2567 1726 pavimenta
2594 1688 2612 1723 ,

578 1755 928 1840 compositae
965 1754 992 1843 (
1011 1761 1071 1844 ς.
1109 1751 1304 1842 462.)
2299 1738 2306 1742 .

638 1913 689 1972 1)
729 1911 800 1961 De
825 1928 928 1975 quo
964 1913 1179 1977 Stieglitz
1195 1949 1213 1975 ‚
1256 1930 1310 1979 p.
1353 1913 1449 1964 157
1466 1951 1484 1977 ‚
1523 1917 1744 1981 picturas
1766 1917 1818 1963 in
1840 1916 2035 1979 templis
2058 1920 2111 1965 et
2131 1916 2409 1979 porticibus
2434 1953 2449 1979 ‚
2487 1922 2615 1966 teste

571 2001 838 2065 Boettigero
859 2038 875 2065 ‚
897 2018 1001 2051 non
1023 2004 1074 2050 in
1094 2004 1283 2068 pariete
1301 2040 1317 2065 ‚
1341 2004 1495 2053 sedin
1511 2005 1694 2054 tabulis
1711 2005 1888 2070 ligneis
1908 2005 2057 2054 fuisso
2085 2005 2189 2068 (cs.
2207 2004 2341 2053 Ptin.
2357 2005 2422 2055 55
2444 2041 2459 2070 ‚
2482 2004 2573 2068 10)
2598 2042 2615 2067 ‚

568 2107 834 2155 veramque
852 2092 928 2140 his
945 2099 1135 2158 partam
1157 2094 1406 2159 pictorum
1424 2096 1632 2159 gloriam
1655 2110 1670 2160 ς
1706 2096 1919 2159 parietes
1951 2094 2194 2160 posterius
2224 2096 2386 2160 pictos
2405 2130 2424 2156 ‚
2448 2110 2613 2157 quum
2707 2163 2712 2168 N

568 2180 770 2244 publica
802 2181 982 2229 imitari
1016 2185 1191 2246 privati
1216 2185 1268 2233 in
1292 2184 1448 2233 diaeti·
1471 2185 1705 2235 ornandis
1738 2186 2003 2250 coepissent
2023 2222 2040 2252 ‚
2065 2191 2168 2236 eto.
2188 2212 2250 2222 —
2271 2185 2325 2254 2)
2365 2184 2443 2233 Cf.
2476 2183 2610 2231 Plin-

574 2269 672 2335 55,
695 2271 748 2320 7.
774 2299 834 2308 -
861 2271 913 2335 5)
939 2272 1015 2326 Cf.
1035 2272 1188 2323 Lucr.
1213 2273 1280 2339 2,
1301 2275 1395 2339 35,
1418 2275 1525 2327 Cic.
1554 2275 1709 2328 Verr.
1735 2275 1799 2341 ⁴,
1821 2276 1872 2327 1.

664 2440 813 2503 439.
852 2439 1185 2523 Caeterum,
1214 2441 1470 2526 picturae
1490 2441 1699 2505 multis
1721 2439 2076 2504 nominibus
2100 2438 2580 2526 distinguuntur
2600 2488 2619 2524 ,

573 2554 740 2617 velut
760 2553 1125 2640 catagrapha
1153 2554 1269 2645 (en
1298 2551 1533 2645 profil)
1554 2601 1577 2628 ,
1600 2552 2113 2640 chorographica,
2147 2562 2246 2636 et,
2286 2575 2322 2617 a
2353 2552 2616 2617 sordidis
2689 2576 2692 2577 ⁷

573 2666 874 2731 vilibusve
928 2668 1149 2751 rebus,
1207 2667 1703 2756 rhyparographa
1769 2665 1857 2754 1).
1916 2667 2166 2732 Diversa
2218 2665 2531 2732 distinctio
2579 2690 2619 2734 a

456 2822 459 2825 π
575 2778 922 2843 charactere
945 2782 1068 2844 sive
1086 2783 1249 2867 stylo
1273 2828 1295 2855 ,
1325 2792 1395 2845 ut
1422 2803 1634 2846 vocare
1651 2780 2086 2846 ‘consuevimus
2106 2828 2124 2863 ,
2150 2779 2424 2864 pendens
2441 2827 2458 2862 ‚
2483 2802 2611 2866 qua

575 2874 912 2961 Asiaticum
957 2892 1036 2958 ab
1087 2894 1400 2959 Helladico
1452 2917 1679 2982 genere
1731 2889 2059 2985 (schola),
2114 2894 2413 2978 posterius
2457 2914 2612 2957 vero

578 3006 1122 3093 insuper'lonico‚
1173 3008 1458 3097 Sicyonio
1507 3020 1569 3074 et
1621 3011 1823 3075 Attico
1876 3009 2256 3074 discernunt.
2295 3007 2391 3072 Ad
2438 3007 2619 3073 rudia

579 3122 721 3186 artis
769 3122 1098 3208 primordia
1135 3122 1484 3210 pertinent,
1526 3143 1666 3209 quae
1716 3120 1981 3187 diximus
2006 3169 2023 3202 ‚
2070 3119 2620 3204 monochromata;

577 3218 741 3322 quod
778 3259 975 3323 genus
1022 3248 1150 3324 post
1180 3261 1213 3302 a
1246 3237 1500 3303 summis
1522 3257 1770 3325 quoque
1803 3233 2140 3321 pictoribus
2171 3235 2490 3300 excultum
2522 3231 2618 3320 2).
2655 3288 2670 3293 -

576 3350 909 3416 Perfectior
947 3375 1045 3417 ars
1078 3351 1244 3439 apud
1289 3351 1533 3416 Graecos
1582 3372 1617 3414 a
1666 3349 2002 3436 Polygnoto
2047 3347 2386 3432 repetitur,
2423 3369 2618 3434 quem

582 3465 773 3528 secuti
804 3464 1205 3550 Apollodorus
1228 3515 1247 3551 ,
1279 3465 1497 3531 Zeuxis
1517 3515 1535 3551 ‚
1571 3462 1967 3545 Parrhasius,
2009 3461 2397 3546 Timanthes,
2441 3461 2625 3525 Aris-

581 3580 771 3666 tides,
813 3584 1180 3669 Protogenes
1205 3633 1223 3667 ,
1268 3593 1331 3647 et
1369 3603 1687 3667 summum
1728 3578 2035 3664 attingens
2080 3576 2344 3660 Apelles,
2394 3575 2624 3643 Romae

584 3696 994 3784 antiquiorem
1018 3697 1323 3785 picturam
1339 3747 1357 3783 ,
1382 3698 1505 3763 sive
1526 3696 1606 3761 ab
1626 3692 1897 3764 Etruscis
1920 3692 2041 3756 sive
2068 3713 2104 3755 e
2132 3691 2354 3777 Magna
2375 3688 2624 3754 Graecia

585 3809 903 3881 inductam
923 3863 941 3897 ‚
983 3798 1112 3885 non
1142 3809 1602 3878 contemnenda·
1637 3831 1818 3896 opera
1850 3805 2223 3887 testabantur
2248 3800 2340 3892 3).
2370 3801 2624 3867 Graecas

584 3925 859 4011 tabulas,
891 3929 1177 4019 utyulgo
1218 3938 1514 4015 narrant,
1547 3922 1841 3992 Corintho
1886 3921 2122 4009 primus
2165 3916 2368 3981 attulit
2403 3915 2623 3981 Mum-

588 4041 787 4128 mius3
815 4055 981 4134 post,
1011 4056 1082 4114 ut
1102 4036 1328 4115 'caetera
1346 4048 1491 4114 artis
1511 4052 1912 4113 monumenta
1933 4087 1953 4125 ,
1975 4038 2339 4110 innumeras.
2360 4031 2624 4105 Gtaeeiae
