3111 4829
1277 380 1301 463 (
1340 379 1418 441 59
1457 378 1482 461 )

382 517 679 605 Cisalpina
712 512 999 608 (510),
1030 514 1171 579 exin
1190 520 1388 599 togata
1416 506 1714 594 adpellata
1734 555 1751 590 ‚
1787 506 2094 571 civitatem
2120 554 2138 589 ‚
2169 505 2395 593 Cispa—

376 629 534 697 dana
575 630 827 719 quidem
870 629 1074 715 prior,
1124 620 1548 709 Transpadana
1585 630 1797 684 autem
1840 624 1896 683 'a.
1943 619 2097 683 707.
2142 641 2178 687 a
2226 621 2395 686 Julio

378 745 615 812 Ctmare
641 743 988 831 impetravit
1024 736 1122 828 4).
1157 740 1314 822 Quoe
1343 731 1458 800 sub
1486 732 1968 819 Imperatorihus
1985 780 2008 816 η,
2037 735 2396 819 quanquam

370 859 454 923 ab
480 859 756 947 Augusto
777 859 1019 945 parcius
1038 874 1315 921 concessa
1335 900 1353 935 ,
1383 856 1546 916 e'xtra
1569 848 1809 913 Italiam
1831 845 2016 911 latius
2047 864 2244 933 usque
2266 847 2396 911 ‹hf-

371 973 506 1038 fusa
527 1021 545 1056 ‚
596 971 843 1037 tandem
900 971 979 1036 ab
1033 967 1345 1034 Antonino
1397 962 1706 1030 Caracalla
1762 959 2051 1025 omnibus
2097 960 2394 1046 ingenuas

298 1082 301 1085 ’
368 1086 736 1151 conditionis
795 1083 1049 1170 Imperii
1103 1081 1319 1145 incolis
1376 1077 1829 1143 communicata
1882 1086 1973 1139 est
2018 1070 2125 1160 5).
2463 1050 2466 1055 .

437 1221 499 1287 1)
532 1220 608 1269 Cf.
646 1219 763 1286 mp.
793 1218 1038 1283 fmqmm.
1065 1216 1127 1281 5,
1152 1214 1220 1279 8,
1252 1211 1505 1264 connubio
1546 1212 1906 1261 interveniente
1926 1209 2074 1262 liberi
2090 1226 2398 1280 sempev-pa-

370 1310 494 1360 ἔσται
525 1316 841 1375 coquuntur,
893 1308 999 1356 ὀισπ
1034 1304 1393 1355 interveniente
1431 1300 1715 1365 connubio,
1757 1299 1935 1351 ηίάενὴ
1971 1297 2255 1353 condictam
2310 1314 2398 1351 ac-

369 1400 585 1467 cedam,-
609 1400 710 1451 etc.
729 1400 806 1449 ef.
826 1382 1241 1463 liugoGoeck.c1.
1265 1392 1426 1446 Ram.
1451 1388 1712 1459 Raetos.
1747 1371 2278 1458 05.et'191‚sehulze
2299 1394 2399 1442 veni

366 1488 464 1540 ben
504 1488 963 1540 Van-sumamma.
997 1488 1049 1536 d.
1090 1486 1292 1538 Ramm-
1323 1499 1377 1549 p.
1408 1479 1502 1546 89,
1541 1478 1716 1531 Crefi'z.
1756 1497 1810 1547 p.
1850 1476 2047 1532 2444-
1987 1480 2128 1549 -2)
2167 1484 2247 1533 Cf.
2289 1483 2396 1531 Cic.

372 1579 525 1629 Ver-r.
552 1578 615 1643 1,
637 1579 701 1641 5,
722 1586 780 1643 p.
807 1574 965 1628 Balbo
989 1575 1071 1626 14.
1090 1574 1235 1639 -8)
1259 1573 1335 1622 Cf.
1352 1570 1524 1627 Creu'u.
1542 1567 1589 1640 §-
1605 1568 1723 1621 9⁰0.
1752 1567 1948 1620 219.-
1886 1570 2116 1639 -⁴)v.
2136 1572 2246 1622 Dio.
2266 1574 2399 1624 Cau.

364 1665 568 1731 ⁴1,.w
593 1660 1525 1731 -5)V.1.17.aose.1·0m.,nein.
1553 1642 2179 1727 Syna,App.t,·1,12.5.
2203 1653 2314 1725 sqq.

416 1873 420 1878 .
459 1785 568 1847 67.
595 1778 814 1864 Quoad
836 1777 1060 1866 gradus
1076 1788 1285 1844 autem
1302 1776 1579 1858 civitatis,
1602 1784 1720 1839 riec
1747 1760 1914 1859 levis,
1935 1786 1998 1840 et
2017 1758 2383 1841 difficillima
2465 1776 2466 1779 ’

366 1896 654 1981 quaestio,
708 1915 830 1981 quo
879 1893 1038 1979 cives
1081 1894 1261 1979 pleno
1299 1911 1441 1976 jure
1477 1888 1558 1953 ab
1591 1887 1726 1952 aliis
1763 1886 2080 1972 differant,
2122 1899 2217 1971 et,
2270 1906 2396 1976 quo

365 2010 621 2076 civitatis
657 2009 802 2095 jure
835 2018 1112 2075 carentes
1140 2008 1301 2072 cives
1346 2027 1473 2070 non
1516 2004 1641 2068 sint
1667 2002 1917 2069 dicendi
1967 2001 2064 2090 1).
2109 2002 2232 2068 sed
2274 2002 2390 2069 hac

367 2125 725 2192 difficultate
742 2125 906 2190 inter
934 2122 1299 2187 recentiores
1332 2119 1652 2204 scriptores
1674 2116 1957 2203 plerique
1987 2116 2071 2181 ita
2111 2137 2174 2179 se
2209 2113 2399 2205 erpe÷

365 2239 581 2326 diunt,
619 2250 689 2304 ut
719 2250 829 2304 aut
855 2220 1243 2302 dubitantem
1271 2233 1625 2319 relinquant
1654 2227 1766 2317 2),
1806 2239 1915 2295 aut
1944 2228 2140 2315 magis
2168 2229 2392 2315 impli-

361 2367 513 2421 cent
538 2365 780 2420 certum
807 2352 962 2416 scire
991 2348 1378 2436 cupientem,
1409 2344 1703 2409 nonnulli
1737 2342 1815 2407 de
1843 2342 2027 2407 verbo
2056 2342 2396 2430 litigantes.

363 2470 444 2536 In
465 2469 659 2535 libera
683 2478 893 2532 tamen
912 2464 1156 2530 civitate
1177 2460 1400 2547 duplex
1413 2509 1431 2544 ,
1458 2458 1577 2524 nisi
1596 2457 1773 2522 malis
1791 2456 2141 2543 multiplex,
2164 2458 2397 2523 civium

364 2607 597 2675 geum,
618 2582 774 2648 ‘alios
816 2577 1060 2646 scilicet
1078 2600 1225 2644 cum
1252 2573 1560 2662 suffragii,
1585 2573 1736 2638 alios
1763 2574 1897 2638 sine
1917 2573 2190 2659 suffragii
2216 2573 2393 2658 jure,

363 2702 586 2784 fuisse,
606 2699 701 2764 vel
721 2719 885 2762 unus
901 2694 1053 2760 Livii
1075 2695 1277 2775 locus,
1303 2691 1482 2773 VIII,
1510 2693 1622 2772 143
1648 2686 1725 2777 3)
1746 2688 2027 2753 dubitare
2054 2698 2234 2754 vetat.
2272 2688 2394 2753 Sed

366 2813 487 2880 hoc
528 2812 777 2901 publico
811 2810 954 2895 jure
998 2829 1250 2890 carenS,
1293 2827 1410 2871 nec
1452 2802 1769 2888 videmus,
1812 2801 2122 2890 quomode
2163 2801 2403 2867 caeteris

367 2920 689 3009 omnibus,
733 2924 921 2989 veluti
951 2944 1097 3008 jure
1137 2941 1357 2986 census
1385 2929 1446 2984 et
1481 2917 1777 2983 libertatis
1802 2965 1819 2999 ‚
1852 2937 2061 2982 carere
2091 2916 2398 3002 potuerit,

368 3062 486 3107 nec
506 3090 524 3125 ‚
553 3023 667 3105 cur
695 3049 913 3104 caetera
938 3044 1192 3118 cuncta,
1221 3033 1411 3099 veluti
1433 3031 1539 3117 jus
1565 3025 1875 3095 honorum
1892 3079 1909 3114 ‚
1931 3029 2239 3094 hahuerit.
2270 3030 2424 3093 Necr

368 3177 512 3220 vero
548 3154 863 3235 videmus,
903 3146 1210 3238 quomodo
1250 3145 1399 3212 civis
1443 3144 1787 3232 adpellatus
1812 3143 1892 3208 ab
1923 3142 2069 3228 ipsis
2104 3141 2402 3208 Romanis

368 3269 482 3354 sit,
509 3268 612 3334 cui
639 3291 720 3333 ne
753 3266 983 3353 privata
1016 3259 1269 3349 quidem
1304 3258 1563 3324 civitatis
1593 3257 1739 3342 jura
1769 3256 2038 3339 fuerint3
2074 3273 2213 3342 quae
2253 3253 2400 3318 licet

368 3406 451 3449 ex
481 3393 649 3469 parte
668 3391 834 3447 certe
865 3377 1169 3442 haberent
1195 3372 1436 3456 Latini,
1473 3383 1681 3437 tamen
1723 3369 2040 3457 peregrini
2078 3367 2397 3433 dicuntur.

369 3496 452 3562 At
493 3495 571 3560 de
615 3494 799 3559 verbo
839 3493 916 3557 lis
957 3501 1087 3573 est,
1125 3506 1323 3575 quum
1365 3509 1435 3550 ex
1481 3508 1592 3551 suo
1639 3486 1903 3573 quisque
1943 3484 2198 3570 ingenio
2240 3481 2402 3543 cives

364 3611 677 3676 Romanos
705 3607 895 3689 facit,
926 3621 1330 3693 quoscunque
1361 3613 1816 3685 nonnunquam
1842 3596 2004 3661 cives
2031 3593 2365 3680 adpellatos
2384 3640 2402 3675 ,

366 3733 577 3811 utpote
614 3723 821 3810 aliqua
839 3717 1099 3786 civitatis
1126 3726 1296 3803 parte
1321 3712 1683 3800 gaudentes,
1703 3712 1950 3794 reperit.
1974 3708 2401 3773 De‘Caesarum

367 3861 511 3904 vero
547 3848 757 3921 aetate,
804 3833 1067 3901 comitiis
1108 3854 1145 3897 a
1188 3826 1434 3896 Tiberio
1474 3826 1659 3911 plane
1705 3821 1958 3886 sublatis
2010 3819 2038 3910 (
2058 3815 2119 3899 §.
2167 3818 2317 3884 228.
2342 3815 2401 3908 ),

368 3952 687 4020 obscurior
715 3949 868 4017 adeo
908 3947 1161 4038 quaestio
1198 3953 1328 4024 est,
1374 3938 1524 4029 quid
1572 3936 1893 4025 proprium
1928 3934 2046 3999 civi
2079 3915 2360 4000 Romano
2382 3978 2400 4012 ‚

371 4066 769 4155 etquodnam
794 4064 953 4129 inter
972 4063 1130 4148 ipsos
1149 4060 1310 4125 cives
1332 4057 1407 4120 sit
1422 4054 1584 4139 juris
1610 4050 1960 4117 discrimen.
1983 4050 2138 4113 Nam
2159 4057 2220 4111 ct
2239 4045 2402 4108 cives

366 4193 503 4247 tum
534 4179 720 4246 fuisse
742 4177 873 4244 sine
897 4176 1040 4261 jure
1059 4172 1441 4256 Quiritium,
1476 4191 1601 4236 non
1632 4189 1759 4233 uno
1797 4189 1833 4231 e
1856 4164 1988 4231 loco
2012 4159 2400 4245 colligimus,
