3111 4829
1551 398 1801 483 (1⁰6)

673 541 950 605 municipia·
966 542 1152 587 statum
1175 533 1554 596 rodiqmneur,
1575 531 1674 579 etc.
1694 527 1770 575 cf.
1788 494 1939 575 Roth.
1958 521 2177 589 pegm-
2201 547 2262 557 —
2285 519 2340 586 5)
2361 520 2438 569 Cf.
2452 519 2582 571 Ptin.
2601 522 2680 571 H.
2783 523 2796 535 '

673 634 746 683 Ν.
764 634 828 694 5,
850 630 901 692 2,
923 626 1113 676 etTac.
1151 618 1326 689 Aqn'c.
1346 622 1429 671 52.
1456 619 1586 683 -4)
1619 621 1759 668 Ann-
1785 615 1878 681 11,
1901 614 1986 666 25.
2004 613 2136 679 —5)
2161 609 2237 659 cf.
2261 609 2409 661 Roth.
2433 625 2486 674 p.
2516 609 2600 660 26.
2618 637 2679 647 -

670 709 1524 785 6)v.Geu.16‚15‚Roth.p.26.

764 812 913 876 119.
960 803 1318 873 Decoloniis
1346 812 1559 867 caetera
1581 798 1730 866 alibi
1753 799 1780 891 (
1800 797 1861 883 §.
1896 798 2017 862 241
2048 793 2075 886 )
2101 843 2117 880 ,
2157 793 2304 858 hic
2277 793 2438 877 Juris
2468 811 2681 857 eornm

668 931 735 993 in
757 922 1024 1012 Imperio
1051 923 1332 985 Romano
1367 917 1519 981 ratio
1545 926 1607 980 ct
1656 915 1733 979 ab
1772 934 1843 976 ea
1886 907 2159 997 pendens
2199 905 2413 970 divisio
2460 927 2683 992 propo-

666 1039 906 1107 nendae.
959 1032 1354 1102 Coloniarum
1382 1031 1565 1117 vulgo
1595 1036 1859 1115 quatuor
1901 1044 2128 1109 genera
2171 1019 2639 1106 distinguuntur
2661 1068 2680 1103 ‚

666 1153 895 1220 civium
939 1152 1362 1214 Romanorum
1389 1192 1407 1228 ,
1457 1142 1690 1207 Latinae
1709 1187 1726 1222 ‚
1755 1138 1983 1203 Italicae
2005 1185 2024 1218 ‚
2054 1133 2366 1198 militares·
2409 1131 2683 1198 Coloniae

667 1265 898 1331 civium
919 1264 1346 1328 Romanorum
1367 1309 1386 1344 ,
1415 1257 1510 1321 vel
1535 1252 1891 1340 simpliciter
1918 1251 2232 1314 Romanas
2254 1294 2271 1329 ‚
2297 1246 2494 1329 initio,
2528 1245 2681 1333 quin

663 1379 987 1444 adfirmare
1005 1375 1236 1457 ausim,
1278 1372 1481 1460 potius
1505 1382 1712 1437 tamen
1741 1363 2057 1431 crederem
2078 1413 2096 1447 ,
2135 1381 2261 1425 non
2288 1370 2415 1423 tam
2449 1381 2486 1423 a
2525 1358 2681 1422 civi-

665 1495 834 1574 tatis,
855 1486 1020 1578 quod
1045 1487 1389 1568 servabant,
1407 1486 1552 1569 jure
1569 1531 1586 1566 ,
1615 1501 1802 1567 quam
1832 1501 1869 1543 a
1892 1476 2367 1542 colonisvocatas
2386 1496 2543 1557 esse,
2572 1472 2685 1560 qni

661 1603 741 1670 ad
758 1605 1066 1669 Romanas
1088 1621 1122 1664 e
1141 1597 1377 1664 civibus
1406 1592 1703 1661 Romanis
1730 1641 1748 1677 ,
1793 1589 1873 1655 ad
1897 1589 2139 1654 Latinas
2166 1608 2203 1651 e
2235 1578 2466 1652 Latinis
2501 1586 2686 1673 lege-

661 1727 878 1780 rentur
915 1711 999 1801 1).
1031 1711 1336 1777 Posterius
1365 1758 1384 1793 ,
1414 1698 1589 1773 Italia
1607 1706 1740 1791 jam
1767 1704 2009 1769 civitate
2031 1699 2254 1766 donata
2283 1749 2300 1784 ,
2333 1701 2402 1766 in
2447 1699 2688 1786 provin-

658 1824 771 1893 ciis
793 1877 810 1911 ,
833 1828 993 1891 inter
1030 1826 1193 1890 cives
1222 1824 1316 1888 vel
1339 1793 1695 1909 peregi-loos
1715 1829 1822 1884 aut
1847 1816 2195 1904 promiscue
2221 1813 2393 1878 lectis
2415 1812 2645 1877 colonis
2665 1859 2684 1894 ‚

656 1964 693 2005 a
727 1941 873 2024 jure
895 1989 913 2022 ‚
978 1938 1276 2003 Romanae
1340 1934 1570 2015 scilicet
1619 1955 1655 1997 a
1691 1931 1933 1997 civitate
1952 1978 1971 2013 ,
2024 1929 2256 1994 Latinae
2304 1950 2341 1992 a
2384 1926 2684 1990 latinitate

654 2053 975 2141 adpellatae
1017 2062 1177 2116 sunt.
1236 2048 1515 2116 Colonias
1558 2047 1798 2113 Italicas
1840 2046 2021 2131 vulgo
2073 2042 2358 2124 faciunt,
2420 2059 2685 2126 quarum

657 2167 861 2233 coloni
907 2186 1026 2231 nec
1055 2164 1216 2229 cives
1262 2162 1534 2230 Romani
1560 2209 1578 2246 ‚
1614 2182 1734 2225 nec
1782 2157 2019 2239 Latini,
2081 2155 2220 2220 Itali
2263 2164 2469 2218 tamen
2519 2149 2681 2235 sint3

656 2292 947 2346 caeterum
968 2327 986 2363 ,
1040 2299 1159 2343 nec
1196 2277 1339 2341 ullae
1373 2276 1442 2340 in
1467 2274 1643 2342 Italia
1675 2279 2137 2353 memorantur,
2175 2279 2237 2332 et
2266 2266 2334 2331 in
2357 2263 2686 2354 provinciis

658 2403 1024 2460 memoratas
1047 2412 1171 2454 non
1194 2413 1229 2453 a
1249 2389 1478 2453 colonis
1500 2386 1702 2471 Italis,
1727 2385 1834 2454 sed
1855 2407 1888 2449 a
1906 2381 2288 2468 jurelltalico
2311 2379 2501 2446 dictas
2528 2401 2685 2463 esse,

657 2527 831 2569 nunc
858 2502 1109 2590 quidem
1132 2501 1295 2565 inter
1317 2521 1533 2564 omnes
1548 2511 1824 2563 constare
1850 2496 2089 2559 videtur
2113 2491 2202 2581 2).
2231 2493 2438 2574 Quare
2460 2494 2687 2559 rectius

660 2616 916 2684 coloniae
932 2613 1090 2696 juris
1119 2612 1317 2677 Italici
1347 2661 1365 2695 ,
1396 2622 1562 2676 certe
1593 2611 1819 2675 ltalicae
1853 2606 2098 2671 nonnisi
2126 2628 2161 2669 a
2184 2606 2329 2688 jure
2357 2606 2690 2691 adpellen-

660 2743 804 2794 tur:
843 2727 1009 2814 quod
1043 2727 1225 2812 quale
1252 2727 1328 2789 sit
1363 2772 1381 2806 ,
1425 2746 1624 2808 quum
1660 2717 1746 2807 §.⁹
1771 2726 1895 2784 123
1931 2719 2403 2805 explicuerimus
2427 2768 2445 2802 ‚
2486 2719 2564 2784 de
2590 2720 2691 2785 his

664 2841 922 2910 coloniis
943 2840 1057 2905 'hic
1091 2837 1249 2903 nihil
1288 2834 1645 2902 addendum
1676 2844 1985 2919 putamus.

732 2955 785 3016 1)
818 2953 895 3002 Cl'.
914 2954 1002 3002 liv.
1024 2951 1089 3002 27
1112 2989 1128 3017 ‚
1162 2950 1213 3000 9.
1235 2954 1287 3001 et
1303 2949 1366 3001 10
1384 2987 1403 3014 ‚
1425 2949 1551 3008 (nbi
1573 2949 1726 2997 habes
1748 2947 1964 2997 colonias
1983 2946 2161 2996 latinas
2180 2983 2197 3009 ‚
2221 2961 2435 3011 quarum
2476 2947 2640 2996 coloni
2661 2963 2693 2995 e

664 3045 856 3100 civibus
879 3042 1120 3105 romanis)
1150 3078 1169 3105 ,
1188 3041 1288 3107 59,
1322 3040 1417 3105 55,
1440 3039 1538 3102 29,
1565 3037 1658 3101 15,
1680 3037 1929 3100 otCic.p.
1951 3037 2080 3087 Coc.
2102 3037 2203 3100 53,
2225 3046 2382 3100 corte,
2405 3041 2573 3102 quoen'
2600 3039 2694 3088 Ιιοο

663 3139 848 3200 solere,
873 3151 952 3184 m
965 3150 1071 3183 non
1086 3133 1318 3198 proterit
1334 3166 1353 3195 ,
1371 3127 1795 3195 quemadmodum
1813 3162 1832 3191 ,
1855 3128 1906 3175 σε·
1918 3126 2095 3175 civita-s
2108 3126 2275 3176 adina·
2292 3143 2397 3176 non
2413 3130 2574 3190 pouit
2589 3162 2608 3191 ,
2632 3130 2695 3177 in

668 3231 892 3279 colonias
929 3225 1143 3275 Louna·
1163 3239 1316 3288 eoepe‘
1338 3224 1503 3272 ’torm'
1541 3221 1673 3270 cives
1692 3217 1911 3284 profecti
1940 3219 2089 3267 eine?
2132 3219 2244 3268 Aut
2280 3234 2378 3267 aaa
2400 3220 2656 3268 voluntate
2672 3258 2690 3284 ‚

667 3325 764 3369 oue
784 3319 908 3381 109⁸&
926 3315 1090 3365 malm
1108 3313 1327 3379 profecti
1344 3319 1468 3364 aum
1480 3347 1499 3376 ,
1535 3326 1691 3375 quam
1725 3309 1941 3358 multam
1957 3310 2007 3356 ei
2019 3308 2232 3372 sufferre
2252 3309 2527 3357 voluissent
2537 3343 2558 3372 ,
2582 3314 2692 3358 eam

670 3405 955 3458 namin
989 3405 1189 3453 esocem-
1202 3403 1508 3468 pommm.
1541 3385 1607 3439 -'-
1640 3398 1693 3460 2)
1709 3396 1775 3447 v.
1797 3396 2044 3448 umboni
2059 3398 2293 3463 epiorum
2307 3395 2370 3445 aa
2390 3395 2536 3445 nein.
2555 3395 2696 3458 sq„-

669 3504 826 3562 ioqn.
845 3497 986 3561 App.
1004 3492 1050 3564 §.
1074 3492 1187 3545 129.

766 3613 918 3678 120.
964 3611 1058 3676 De
1093 3609 1475 3675 coloniarum
1514 3618 1726 3674 antem
1759 3607 1990 3671 civium
2023 3607 2447 3671 Romanorum
2484 3612 2544 3666 et
2575 3602 2701 3666 La·-

675 3725 950 3789 tinorum
976 3722 1151 3810 jure,
1192 3722 1456 3788 dubium
1487 3720 1741 3808 quidem
1763 3743 1889 3785 non
1913 3718 2190 3800 videtur,
2225 3714 2376 3803 quin
2398 3715 2698 3779 Romanae

677 3835 983 3900 civitatem
1007 3883 1032 3913 ,
1070 3838 1302 3901 Latinae
1338 3847 1547 3901 autem
1606 3855 1733 3899 non
1782 3831 2111 3897 habuerint
2158 3824 2258 3915 l);
2297 3826 2401 3892 sed
2438 3839 2701 3892 contro-

680 3947 873 4011 versia
905 3948 1025 4011 fuit
1050 3997 1068 4030 ,
1099 3949 1427 4034 ple-namne
1445 3949 1752 4013 civitatem
1770 3993 1789 4030 ‚
1828 3966 1908 4010 an
1934 3991 1952 4027 ,
1979 3941 2144 4031 quod
2163 3941 2549 4008 verissimum
2573 3939 2697 4004 du-

687 4064 885 4130 cimus
903 4110 921 4146 ,
954 4063 1086 4129 sine
1110 4064 1256 4149 jure
1278 4065 1550 4151 suffragii
1573 4076 1635 4130 et
1668 4063 1974 4129 honorum
2001 4059 2331 4126 habuerint
2361 4056 2451 4147 2).
2474 4058 2699 4125 Immi-
