3111 4829
1234 455 1309 499 ΡΒ
1316 454 1571 500 ΕΒΑἸΊΟ.
1847 472 1852 475 ’
1993 506 1996 509 ,
2287 456 2404 499 xm

396 585 493 636 tur
515 622 533 656 ,
583 572 704 638 hoc
758 574 890 655 ipso
937 583 1212 657 tempore
1254 570 1663 637 adversarium
1709 594 1835 638 non
1877 572 2401 640 contemnendum

394 697 568 750 nacta
587 685 1133 771 Wachsmuthiulm
1169 685 1243 748 «in
1267 684 1570 749 Historia
1598 685 1993 776 Antiquior-e
2020 688 2406 773 reipublicoe

390 796 705 862 Romamn
735 798 760 886 (
782 800 998 863 oeleere
1037 795 1418 862 Geeehiehte
1455 798 1569 862 des
1594 802 1984 865 roemieehen
2017 796 2282 865 Stantee
2302 799 2351 886 ).

448 960 449 963 η
480 912 684 993 Quare
727 934 838 977 nos
878 902 1173 999 quidem,
1219 914 1384 1001 quod
1431 937 1588 980 nova
1621 936 1746 978 non
1785 915 1966 989 facile
2004 913 2398 999 admisimus,

388 1023 782 1109 prudentium
824 1025 1360 1112 reprehensionem
1404 1029 1613 1094 minus
1651 1050 1966 1111 veremur3
2009 1024 2397 1090 indoctorum

385 1150 590 1203 autem
624 1151 684 1203 et
712 1142 919 1225 pueris
951 1141 1304 1226 propiorum
1323 1191 1341 1226 ,
1371 1165 1522 1229 quos
1546 1190 1563 1224 ,
1594 1141 1898 1205 arundine
1932 1140 2279 1207 mobiliores
2301 1187 2318 1221 ‚
2344 1141 2395 1204 si

384 1257 569 1323 latine
582 1258 858 1343 loquenti
877 1256 1333 1343 Aristophanica
1351 1254 1721 1321 concedatur
1744 1254 2070 1320 verborum
2089 1253 2394 1337 composi-

383 1370 465 1433 tio
481 1419 497 1451 ,
517 1371 699 1434 nimis
717 1372 894 1435 velim
916 1367 2389 1459 faeniculotumidooerehronebulocrepitamee,

383 1492 489 1545 aut
522 1483 705 1546 simili
752 1484 957 1568 aliquo
998 1481 1247 1547 nomine
1273 1482 1619 1568 adpellare:
1653 1480 1876 1546 horum
1914 1481 2105 1565 igitur
2138 1501 2264 1543 non
2301 1490 2391 1544 est

378 1614 492 1656 cur
539 1606 647 1657 aut
685 1594 922 1677 judicio
968 1606 1076 1659 aut
1119 1617 1371 1661 censura
1425 1597 1692 1660 multum
1731 1616 2104 1659 moveamur.
2146 1593 2387 1656 Scimus

386 1726 610 1790 nempe
628 1755 645 1789 ,
677 1705 773 1770 his
804 1709 1115 1793 proprium
1149 1732 1276 1774 esse
1303 1731 1455 1775 nova
1485 1730 1872 1796 quaecunque
1899 1719 2127 1771 temere
2150 1716 2390 1790 arrepta

385 1817 650 1883 credere.
685 1821 838 1884 Nam
870 1821 1004 1904 cui,
1026 1822 1094 1885 in
1124 1824 1398 1909 magistri
1425 1823 1605 1887 verba
1622 1822 1901 1906 jurantes
1919 1869 1937 1904 ,
1959 1818 2386 1900 adsueverunt,

383 1928 546 1993 idem
575 1930 891 2018 disciplina
922 1935 1144 2020 egressi
1174 1936 1450 2018 faciunt,
1487 1934 1681 1999 donec
1710 1955 1819 1999 suo
1845 1932 2077 2018 judicio
2101 1980 2118 2015 ,
2157 1932 2206 1994 si
2236 1930 2388 1993 deus

380 2039 644 2127 dederit,
676 2046 1003 2133 aliquando
1025 2050 1328 2113 fruantur.
1354 2050 1485 2112 Hoc
1505 2047 1832 2111 hominum
1856 2068 2050 2131 genus
2070 2093 2087 2127 ,
2129 2055 2201 2108 ut
2219 2042 2387 2135 facili

378 2166 467 2218 est
494 2155 648 2241 fide,
688 2159 870 2223 modo
900 2183 1051 2226 nova
1093 2173 1153 2224 et
1193 2184 1265 2225 ea
1293 2159 1582 2224 audacter
1615 2160 1920 2243 proferaS,
1968 2159 2053 2221 sic
2083 2157 2385 2219 mirantur

376 2267 703 2333 obscurum
743 2283 805 2334 et
850 2272 1240 2356 desperandae
1288 2271 1663 2335 difficultatis
1691 2271 1984 2354 cuiquam
2027 2267 2227 2331 rederi
2273 2289 2340 2331 ea
2365 2316 2383 2351 ,

373 2404 512 2468 quae
535 2384 681 2467 ipsis
702 2386 874 2448 nullo
901 2386 1146 2472 negotio
1175 2385 1294 2449 sint
1315 2386 1656 2451 manifesta.
1683 2384 1855 2450 Idem
1879 2384 2082 2470 itaque
2111 2384 2178 2447 in
2220 2385 2387 2448 anti-

369 2497 707 2582 quitatibus
765 2499 1059 2564 Romanis
1111 2500 1353 2565 evenire
1409 2501 1536 2563 istis
1577 2511 2054 2565 consentaneum
2103 2511 2227 2584 est,
2270 2498 2379 2563 ubi

367 2623 596 2697 quanta
628 2612 703 2674 sit
731 2612 795 2674 in
832 2612 1043 2676 multis
1071 2613 1402 2678 obscuritas
1421 2662 1439 2697 ,
1473 2614 1598 2677 suis
1625 2615 1817 2679 oculis
1837 2593 2193 2696 cernentes,
2220 2636 2384 2678 con—

370 2729 539 2792 sultis
571 2739 846 2790 veterum
878 2729 1237 2792 testimoniis
1257 2777 1275 2811 ,
1306 2731 1668 2813 comparatis
1696 2729 2105 2794 recentiorum
2135 2738 2385 2793 senten-

369 2842 498 2924 tiis,
529 2853 590 2906 et
637 2840 1121 2905 doctissimorum
1153 2843 1314 2905 inter
1341 2840 1452 2905 hos
1486 2842 1856 2910 dissensione
1885 2841 2148 2906 discunt.
2182 2844 2386 2926 Atque

371 2957 606 3019 utinam
629 2954 760 3019 haec
786 2956 853 3018 in
872 2955 1106 3018 levibus
1133 2965 1371 3018 tantum
1397 2956 1579 3020 rebus
1600 2957 1979 3023 inveniretur
1997 3005 2014 3040 ,
2038 2977 2189 3042 quas
2210 2956 2383 3039 parvi

370 3070 617 3133 interest
650 3080 933 3134 accurate
961 3090 1328 3155 cognoscere
1362 3094 1376 3134 ε
1426 3069 1650 3153 veluti,
1681 3070 1833 3157 quid
1862 3071 1937 3133 sit
1965 3073 2220 3155 pignora
2261 3089 2387 3156 ⁰³3.-

374 3181 514 3244 dere
539 3232 555 3264 ,
584 3183 734 3268 quid
782 3181 1123 3248 sartatecta
1153 3184 1395 3269 exigere
1419 3233 1437 3269 ,
1479 3206 1602 3270 quo
1642 3184 1707 3247 in
1748 3184 1920 3276 ligno
1960 3181 2234 3268 lapideve
2278 3190 2386 3244 aut

370 3298 615 3360 metallo
647 3299 889 3383 scriptaej
931 3298 1051 3360 XII
1096 3298 1359 3361 tabulae?
1410 3298 1655 3362 Scilicet
1683 3296 1911 3362 cordati
1935 3295 2214 3360 homines
2253 3291 2385 3357 haec

368 3411 636 3495 angustis
665 3411 888 3474 animis
931 3409 1142 3494 putida
1194 3409 1510 3494 diligentia
1547 3409 1979 3494 perscrutanda
2017 3419 2077 3471 et
2111 3407 2387 3471 disserta-

362 3523 626 3586 tionibus
645 3573 662 3607 ,
717 3545 938 3608 parum
1007 3521 1246 3586 solliciti
1314 3542 1438 3607 quo
1488 3543 1767 3586 successu
1795 3571 1812 3605 ,
1867 3519 2254 3598 illustranda,
2316 3527 2385 3580 ut

365 3635 683 3722 hucusque
707 3640 1024 3720 fecerunt,
1077 3638 1455 3721 inposterum
1482 3637 1667 3700 etiam
1696 3637 2135 3720 relinquerent.
2169 3630 2290 3694 Sed
2316 3632 2383 3695 in

367 3752 739 3835 gravioribus
770 3775 1018 3841 quoque
1062 3749 1484 3817 dissentientes
1509 3762 1739 3815 veteres
1776 3749 2093 3832 scriptores
2115 3795 2132 3829 ,
2164 3745 2383 3809 millies

368 3868 746 3953 interrogati,
791 3868 866 3934 in
918 3866 1246 3932 contrarias
1294 3865 1620 3928 sententias
1670 3860 1976 3947 hodieque
2022 3858 2366 3923 distrahunt

363 3984 757 4066 recentiores3
802 3980 951 4045 hinc
997 3993 1065 4045 ut
1095 3980 1428 4068 intelligaS,
1470 4000 1567 4043 res
1598 3999 1724 4041 esse
1754 3972 2096 4061 ejusmodi,
2126 3974 2190 4038 in
2227 3972 2381 4058 qui-

363 4096 474 4161 bus
504 4098 810 4184 conjicere
834 4118 1106 4183 semper,
1130 4097 1280 4163 scire
1300 4114 1623 4184 nunquam
1644 4090 1841 4158 detur.
1865 4089 2040 4156 Acin
2062 4085 2157 4149 his
2179 4082 2379 4148 neseio
