3111 4829
1592 375 1847 460 (122)

695 512 1000 590 buerunt,
1037 507 1097 572 id
1136 508 1495 595 agentibus,
1539 507 1646 593 qui
1692 506 1904 593 populi
1943 504 2227 571 adversus
2267 521 2546 574 senatum
2579 511 2722 594 jura

691 621 1025 687 tuebantur
1047 669 1064 703 ,
1116 631 1184 684 ut
1225 619 1415 704 hujus
1449 618 1695 683 libidini
1720 621 2078 707 Equestrem
2112 620 2416 687 Ordinem
2446 646 2723 710 oppone-

689 748 849 800 rent.
904 733 1081 805 Unde
1122 744 1601 798 consentaneum
1644 734 1766 798 fuit
1788 782 1806 816 ‚
1853 734 2136 820 inprimis
2179 736 2483 802 Tribunos
2527 737 2722 824 plebis

689 848 1095 930 contendere,
1142 858 1211 910 ut
1254 844 1576 910 commoda
1618 845 1901 933 quaedam
1938 844 2325 934 honoresque
2365 851 2579 935 populi
2611 872 2720 914 vo-

686 966 923 1027 luntate
944 962 1179 1047 equites
1200 960 1631 1045 impetrarent,
1661 980 1798 1046 quae
1823 958 2250 1044 defendentes,
2274 964 2534 1027 arctiore
2557 965 2720 1031 inter

685 1098 748 1140 se
788 1074 1029 1139 vinculo
1056 1073 1267 1159 ligati,
1309 1070 1733 1137 vehementius
1764 1084 1974 1137 contra
2005 1084 2283 1137 senatum
2311 1076 2715 1163 fortioresque

679 1191 843 1257 inter
897 1186 1219 1273 populares
1267 1186 1634 1250 niterentur.
1685 1188 1812 1251 Nec
1862 1188 1980 1251 alia
2026 1199 2235 1252 mente
2285 1190 2355 1253 C.
2399 1190 2718 1257 Gracchus

678 1305 772 1394 (a.
804 1299 975 1389 632)
997 1300 1233 1385 judicia
1260 1299 1337 1365 ad
1358 1301 1722 1387 Equestrem
1748 1299 2048 1383 Ordinem
2078 1303 2389 1367 transtulit
2414 1302 2516 1391 1),
2540 1327 2712 1394 quae,

675 1416 915 1480 senatui
963 1437 1074 1500 per
1113 1414 1345 1501 Syllam
1386 1412 1659 1497 reddita,
1702 1436 1842 1477 mox
1880 1413 2044 1477 inter
2088 1414 2298 1479 ambos
2336 1413 2524 1482 divisa
2566 1428 2713 1482 sunt

667 1530 704 1618 (
717 1529 776 1612 §.
807 1525 1001 1615 269.)
1026 1526 1147 1592 Sed
1170 1526 1387 1591 eodem
1420 1506 1962 1613 tempore'Equites
1984 1528 2300 1614 vectigalia
2324 1529 2451 1593 sive
2476 1528 2709 1593 reditus

679 1641 998 1728 publicos,
1028 1640 1197 1704 initis
1254 1640 1414 1703 inter
1464 1661 1527 1703 se
1579 1639 1994 1723 societatibus,
2050 1638 2350 1706 redimere
2391 1654 2713 1729 coepernnt

674 1754 781 1843 (5.
811 1751 1001 1841 393.)
1022 1801 1039 1835 ,
1085 1752 1253 1816 unde
1279 1752 1596 1839 publicani
1629 1751 1939 1817 interdum
1973 1765 2035 1817 et
2058 1754 2533 1839 publicanorum
2554 1757 2702 1822 ordo

671 1879 1012 1948 vocantur,
1044 1866 1360 1953 iidemque
1400 1865 1735 1930 admodum
1769 1865 2051 1931 honorati
2085 1864 2182 1955 2).
2209 1869 2421 1955 Neque
2456 1880 2661 1933 tamen
2685 1921 2702 1955 ‚

669 1983 890 2071 opinor
910 2032 927 2064 ‚
994 1981 1320 2068 Equitibus
1382 1981 1525 2045 solis
1581 1979 1928 2045 redimendi
1970 1981 2115 2065 jus,
2163 1993 2261 2064 et,
2323 2004 2448 2046 non
2491 2004 2703 2048 omnes

669 2097 1042 2162 redemtores
1065 2094 1253 2160 fuisse
1275 2143 1293 2178 ,
1322 2105 1565 2159 certum
1588 2105 1676 2158 est
1703 2092 1778 2181 3)
1803 2120 1821 2178 3
1852 2116 1968 2159 nec
1992 2116 2130 2160 vero
2154 2096 2451 2181 plurimos
2470 2097 2699 2161 mirum

664 2223 755 2277 est
786 2213 972 2277 fuisse
992 2260 1010 2294 ,
1034 2212 1327 2297 quoniam
1347 2208 1536 2274 iidem
1558 2232 1706 2274 cum
1728 2209 2009 2274 ditissimi
2034 2210 2313 2297 plerique
2332 2222 2539 2295 erant,
2563 2222 2699 2275 tum

662 2326 792 2389 suis
827 2326 906 2388 ad
941 2323 1311 2389 lucrandum
1334 2326 1426 2390 uti
1449 2324 1712 2388 fortunis
1753 2325 1993 2406 minus,
2036 2346 2223 2411 quam
2248 2336 2552 2390 senatores
2573 2325 2699 2388 im-

663 2437 1074 2522 pediebantur
1096 2488 1113 2520 ,
1153 2439 1379 2524 quibus
1408 2460 1525 2502 nec
1549 2436 1765 2501 decora
1792 2438 2180 2521 negotiorum
2207 2440 2414 2523 lucra,
2460 2451 2522 2504 et
2560 2441 2697 2525 lege

663 2551 855 2613 etiam
899 2549 1222 2614 interdicta
1248 2548 1351 2636 (§.
1384 2547 1579 2635 383.)
1607 2551 1868 2613 Honoris
1889 2550 2156 2634 insignia
2180 2598 2196 2631 ‚
2217 2562 2435 2635 praeter
2458 2573 2693 2638 equum

659 2663 1019 2750 publicum,
1042 2662 1190 2725 olim
1231 2661 1678 2746 militantibus,
1709 2673 1881 2747 post,
1913 2672 1985 2724 ut
2022 2683 2164 2725 sane
2201 2661 2452 2747 quidam
2485 2664 2695 2728 existi·
2728 2660 2741 2670 ”

656 2788 875 2859 mant,
920 2798 1045 2841 non
1074 2774 1485 2839 militantibus
1527 2774 1748 2855 etiam,
1779 2796 1828 2838 ¹a
1869 2773 2160 2854 Censore,
2200 2785 2429 2838 servato
2455 2785 2690 2841 vetusto

657 2912 865 2971 more,
897 2889 1107 2955 datum
1155 2885 1269 2974 4),
1294 2898 1591 2975 angustus
1641 2887 1848 2951 clavus
1901 2883 1978 2973 5)
2020 2897 2080 2951 et
2113 2887 2383 2950 annulus
2420 2910 2647 2954 aureus
2673 2941 2690 2974 ,

651 3003 835 3068 'unde
849 3005 1096 3069 annulo
1123 3025 1324 3067 aureo
1347 3002 1593 3065 donare
1620 2999 1734 3088 6),
1759 3011 2018 3087 uterque
2042 3051 2058 3082 ,
2088 3003 2392 3065 incertum
2417 3051 2433 3083 ‚
2466 3024 2536 3066 ex
2563 3025 2688 3090 quo

655 3130 931 3204 tempore
957 3142 974 3201 3
1028 3118 1294 3204 denique
1351 3117 1632 3201 proprius
1695 3115 2082 3202 etiam‚·legc
2134 3116 2354 3181 Roscia
2403 3116 2687 3183 theatrali

655 3229 751 3319 (a.
804 3227 998 3319 687.)
1023 3279 1040 3314 ‚
1085 3230 1153 3293 in
1189 3228 1424 3293 theatro
1458 3229 1627 3292 locus
1660 3232 1699 3293 7
1713 3226 1782 3316 );
1819 3250 1943 3314 quo
1983 3227 2352 3294 trahendum
2395 3232 2469 3294 in
2514 3253 2685 3317 qua-

645 3343 1053 3419 iuordees‘m,
1102 3365 1184 3408 sc.
1231 3342 1513 3407 sedilium
1543 3340 1903 3426 ordinibus,
1934 3342 2156 3407 cedere
2195 3341 2294 3428 8).
2343 3343 2397 3407 Α
2444 3341 2682 3408 theatro

652 3454 846 3522 honos
876 3466 1008 3542 post
1027 3455 1106 3520 ad
1128 3456 1246 3520 alia
1273 3455 1457 3519 etiam
1481 3456 1821 3541 spectacula
1839 3504 1858 3539 ,
1884 3468 1955 3521 ut
1976 3457 2124 3522 circi
2150 3505 2168 3540 ,
2211 3456 2532 3520 translatus
2572 3454 2677 3544 9).

717 3642 781 3706 1)
823 3643 897 3691 Cf.
936 3642 1106 3694 Beaut'⁸
1130 3657 1182 3707 p,
1219 3641 1357 3706 148„
1384 3642 1513 3691 Plin.
1552 3641 1617 3690 55
1630 3676 1649 3705 ‚
1677 3642 1701 3690 1
1720 3678 1736 3702 ‚
1768 3644 1907 3706 quod
1923 3650 2072 3691 antea
2089 3642 2331 3691 mamas
2352 3641 2473 3704 oqui
2492 3656 2679 3695 nomen

648 3731 915 3795 dederont,
941 3733 1031 3781 Ιιοο
1058 3748 1197 3781 nunc
1217 3734 1451 3795 menenio
1462 3731 1669 3794 judices
1691 3731 1928 3780 tribuunt
1941 3750 1961 3791 ‚-
1984 3746 2097 3794 qun
2118 3744 2217 3778 non
2234 3743 2411 3793 purum
2429 3729 2644 3781 obscura
2658 3769 2676 3798 ‚

647 3818 762 3866 δοκι.
787 3819 847 3866 de
871 3819 1047 3882 Bonos.
1067 3821 1099 3869 δ
1114 3855 1132 3886 ,
1165 3819 1197 3869 7
1209 3856 1227 3884 ,
1254 3822 1418 3884 judex
1442 3837 1502 3869 ex
1524 3820 1674 3869 turba
1693 3820 1985 3869 ”lectorum
2000 3855 2020 3885 ,
2044 3835 2194 3884 quon·
2211 3834 2394 3867 censue
2413 3822 2474 3868 ἐκ
2497 3821 2673 3870 album

646 3909 696 3954 cl
730 3910 969 3969 equum}
1000 3909 1248 3956 hereditas
1282 3911 1437 3957 misit.
1459 3936 1520 3945 —
1539 3908 1604 3972 2)
1640 3908 1744 3956 cic.
1783 3909 1853 3957 ad
1881 3909 2006 3958 Dio.
2049 3908 2141 3972 15,
2183 3907 2281 3972 65,
2323 3926 2383 3957 ex
2420 3913 2673 3959 sociorum

642 3997 836 4058 qratia,
878 3995 1139 4043 hominum
1176 3997 1644 4060 amplissimorum,
1670 3998 1948 4045 maximum
1965 3995 2198 4057 fructum
2232 4001 2419 4061 capies.
2457 3999 2594 4048 Idem
2612 4018 2671 4064 p.

641 4084 821 4132 Plane.
842 4119 857 4147 ‚
895 4081 928 4129 9
945 4119 960 4146 ‚
995 4085 1088 4147 flos
1125 4087 1261 4132 onim
1293 4085 1552 4149 Equitum
1591 4084 1937 4135 Romanorum
1957 4120 1974 4149 ‚
2019 4096 2373 4136 ornamentum
2412 4091 2632 4138 civitatis
2647 4109 2665 4138 7
