3111 4829
667 448 714 492 1
1495 435 1838 482 rumano.

667 564 878 629 minus
902 561 1218 647 impellere
1246 580 1347 623 eos
1378 555 1560 621 debet
1579 603 1597 639 ‚
1637 554 1714 619 ad
1741 552 2096 619 Graecorum
2125 555 2671 640 Romanorumque
2735 638 2738 641 Δ

662 676 894 742 litteras
931 674 1276 761 pertinens,
1319 691 1470 758 quas
1513 666 1704 732 doctae
1738 666 2132 731 iustitutionis
2175 667 2356 752 longe
2379 666 2672 752 optimam

668 791 858 858 veluti
885 787 1061 854 basin
1083 784 1388 869 hodieque
1404 778 1672 865 judicari
1692 787 1753 842 et
1770 776 1988 841 merito
2010 775 2287 841 videmus
2309 775 2428 865 (ἢ.
2445 779 2632 866 Atqui
2656 830 2674 865 ,

667 918 740 973 ut
778 915 1206 992 praetereamns
1226 943 1243 978 ‚
1276 915 1401 958 nou
1437 895 1631 957 levem
1675 890 1998 955 utilitatem
2019 888 2164 953 iude
2194 889 2272 952 ad
2301 890 2529 976 linguae
2552 894 2675 958 sive

666 1023 898 1087 Graecae
935 1016 1056 1079 sive
1104 1010 1332 1077 Latinae
1381 1007 1724 1093 pleniorem
1774 1004 2244 1090 intelligentiam
2288 1003 2631 1072 redundare
2657 1032 2676 1092 3

665 1144 942 1200 veterum
985 1127 1328 1191 litterarum
1377 1119 1685 1202 studium,
1727 1128 1798 1182 ut
1842 1119 2052 1204 plenos
2097 1117 2354 1201 proferat
2397 1119 2634 1183 fructus
2657 1168 2676 1203 ,

670 1243 1102 1332 antiquitatum
1131 1236 1482 1325 cognitione
1517 1254 1726 1298 carere
1752 1232 1993 1318 nequit;
2035 1251 2151 1295 uec
2176 1220 2343 1294 enim
2368 1232 2499 1296 siue
2533 1232 2638 1297 illa
2656 1280 2676 1317 ,

674 1382 825 1447 quos
844 1354 1121 1421 classicos
1141 1371 1428 1415 vocamus
1451 1357 1728 1411 auctores
1745 1392 1763 1429 ,
1788 1343 2500 1429 recteinterpretabimur
2522 1393 2542 1429 ,
2561 1368 2678 1410 nec

670 1475 737 1536 iu
758 1471 834 1535 iis
844 1466 1090 1555 egregia
1104 1462 1778 1547 satisiutelligemus3et
1797 1479 1935 1522 vero
1956 1455 2365 1543 pulcherrima
2381 1467 2439 1521 et
2457 1460 2681 1545 gravis-

668 1585 822 1649 sima
860 1578 1248 1646 classicorum
1280 1595 1501 1659 opera,
1538 1582 1608 1636 ut
1627 1592 1774 1635 cum
1815 1570 2022 1633 fructu
2048 1568 2174 1653 legi
2210 1579 2270 1632 et
2290 1568 2681 1654 jucunditate

673 1695 930 1783 possint,
951 1711 1157 1755 noune
1177 1685 1414 1773 ingenti
1425 1695 1718 1749 notarum
1738 1683 1909 1768 copia
1931 1683 2111 1768 vulgo
2124 1682 2556 1750 instruuntur?
2573 1689 2682 1751 His

672 1811 864 1897 igitur
890 1802 1231 1870 carebimus
1256 1847 1273 1882 ‚
1296 1796 1678 1884 paucissimis
1706 1795 1922 1881 utique
1945 1794 2215 1858 conteuti
2247 1795 2517 1882 erimus,
2553 1821 2682 1862 an-

673 1923 1027 2011 tiquitatum
1064 1937 1189 1980 uon
1221 1910 1517 1977 mediocri
1538 1908 1889 1995 cognitione
1909 1918 2147 1994 parata3
2176 1930 2363 1995 quam
2390 1921 2459 1974 ut
2498 1934 2681 1978 nemo

566 2068 571 2077 ²
639 2050 643 2055 '
676 2062 712 2104 e
747 2048 1033 2101 notarum
1062 2026 1370 2113 farragine
1398 2026 1529 2087 siue
1558 2022 1822 2087 maxima
1843 2021 2131 2106 temporis
2148 2020 2387 2106 jactura
2415 2026 2684 2112 college-

677 2155 798 2235 rit,
837 2151 920 2214 ita
953 2143 1149 2210 studio
1184 2141 1620 2228 antiquitatum
1670 2138 1786 2202 rite
1814 2137 2088 2201 instituto
2124 2148 2184 2201 et
2210 2137 2450 2203 facilins
2491 2142 2686 2205 multo

677 2276 740 2331 et
768 2262 990 2330 rectius
1015 2267 1386 2344 assequetur.

766 2378 887 2444 Sed
936 2372 1243 2460 peculiare
1296 2391 1368 2433 ex
1428 2365 1893 2454 antiquitatibus
1939 2364 2238 2431 Romanis
2293 2367 2687 2436 commodum

677 2492 865 2578 idque
893 2487 1232 2551 maximum
1260 2481 1515 2565 capiunt
1555 2479 1716 2561 juris
1765 2478 2035 2544 studiosi.
2065 2480 2309 2544 Etenim
2351 2503 2474 2545 non
2505 2482 2685 2545 modo

674 2626 813 2691 pars
838 2598 1008 2664 haud
1030 2596 1248 2680 exigua
1277 2592 1344 2654 iu
1375 2593 1586 2676 legum
1608 2591 1994 2675 aliorumque
2011 2590 2089 2653 ad
2113 2590 2217 2673 jus
2243 2593 2692 2675 pertinentium

681 2712 1064 2784 enarratione
1082 2717 1266 2792 atque
1282 2701 1782 2787 interpretatione
1805 2712 2077 2765 versatur
2091 2751 2107 2784 ,
2131 2701 2233 2766 sed
2249 2713 2309 2766 et
2324 2715 2682 2771 caeterorum

677 2851 834 2919 pene
877 2824 1157 2891 omnium
1202 2816 1470 2904 cognitio
1512 2816 1680 2880 utilis
1722 2814 2117 2880 existimanda
2141 2828 2229 2881 est
2264 2818 2338 2882 ad
2373 2819 2532 2903 juris
2553 2823 2686 2886 Ro-

677 2943 888 3024 mani,
910 2951 1093 3025 atque
1126 2931 1278 2999 adeo
1308 2929 1561 2994 omniuo
1588 2925 1665 2992 ad
1694 2927 2196 3013 jurisprudentia}
2246 2931 2539 2998 studium,
2586 2936 2685 2997 Ab

675 3053 975 3125 Romanis
1014 3048 1181 3115 enim
1219 3046 1289 3109 iu
1335 3044 1441 3108 illo
1465 3092 1483 3127 ,
1527 3052 1599 3106 ut
1633 3042 1749 3106 rite
1774 3040 2071 3127 docteque
2092 3043 2442 3110 instituatur
2466 3095 2483 3130 ,
2513 3047 2687 3111 iuri-

678 3169 976 3261 piendum
1004 3187 1170 3248 esse,
1206 3180 1527 3247 uunquam
1562 3179 1690 3222 uon
1710 3168 2134 3244 praeceperuut
2153 3161 2537 3227 celeberrimi
2559 3160 2686 3228 hn-

662 3289 776 3373 jus
810 3281 1146 3367 disciplinae
1186 3272 1460 3360 magistri
1481 3321 1498 3356 ,
1526 3293 1674 3337 cum
1713 3272 1940 3359 quibus
1976 3275 2457 3341 consentientem
2489 3276 2684 3340 babe-

674 3421 815 3464 mus
836 3397 1052 3467 Virum
1078 3391 1167 3455 cl.
1195 3389 1261 3453 in
1282 3385 1554 3452 oratioue
1572 3433 1589 3469 ,
1606 3385 1948 3450 Annalibus
1967 3385 2313 3452 Academiae
2342 3387 2684 3450 Leodieusis

674 3515 898 3578 inserta
923 3559 940 3591 ‚
971 3507 1048 3571 de
1069 3502 1476 3601 eludip‘jnriae
1497 3498 1786 3563 Romani
1810 3499 2100 3564 utilitate
2130 3524 2212 3565 ao
2231 3503 2634 3565 necessitate.

762 3620 1096 3709 Proecipuis
1113 3614 1440 3682 momentis
1465 3610 1964 3678 adumbravimus
1983 3611 2413 3699 antiquitatum
2441 3614 2687 3678 Roma-

741 3811 811 3876 (·)
844 3807 1173 3870 Antiquitatc·
1204 3804 1381 3852 Graeca
1420 3805 1667 3866 quatenus
1691 3801 1935 3850 Romanu
1965 3794 2199 3845 metanti
2234 3795 2577 3861 respicienda,
2599 3797 2685 3848 hic

673 3898 926 3964 inquirere
951 3908 1052 3943 nou
1081 3893 1207 3944 libet
1217 3905 1234 3957 3
1270 3889 1426 3940 mutt-
1457 3888 1681 3953 utrisque
1709 3884 2020 3947 communis,
2053 3882 2209 3931 multa
2240 3899 2268 3931 a
2290 3884 2470 3933 Graeci·
2500 3884 2564 3934 ad
2585 3886 2685 3934 lto-

666 4003 837 4043 mmos
853 3983 1089 4034 mostata
1111 3996 1216 4031 esse
1233 4017 1251 4045 ,
1273 3981 1592 4046 perspicuum
1614 3982 1714 4042 ⁰⁸¹5
1747 3976 1798 4026 td
1833 3975 2104 4026 carendum
2119 4012 2134 4040 ‚
2165 3991 2228 4024 na
2243 4012 2258 4041 ,
2283 3991 2394 4039 quae
2421 3993 2523 4028 uon
2548 3978 2646 4027 sint
2675 4015 2689 4034 ,

666 4079 933 4143 fingantur.
