3111 4829
1294 422 1500 505 (45)

404 618 2403 673 &aa-zm

674 816 1423 907 ANTIQUITATIJM
1486 810 2120 882 ROMANARIJM

1176 1080 1421 1161 PARS
1473 1081 1563 1158 11.

923 1292 1328 1359 SECTIONIS
1394 1296 1443 1357 I.
1510 1293 1761 1358 CAPUT
1812 1291 1886 1353 I.⁴

508 1512 950 1565 luctantum
992 1511 1073 1564 ΙΝ
1116 1509 1438 1562 IMPERIO
1482 1506 1803 1561 ROMANO
1844 1499 2288 1557 msnncho.

1209 1875 1285 1917 DE
1342 1875 1567 1916 snnvm.

487 2021 588 2081 51.
617 2017 1072 2103 simplicissima
1094 1993 1522 2081 incolarnmin
1548 2015 1812 2101 Imperio
1839 2024 1900 2076 et
1927 2010 2237 2096 republica
2257 2009 2388 2074 Ro-
2425 2070 2432 2073 f

392 2150 575 2193 mana
597 2127 806 2192 divisio
839 2130 1012 2192 estin
1038 2149 1234 2191 servos
1263 2138 1325 2190 et
1356 2127 1581 2191 liberos
1599 2126 1686 2213 1).
1714 2126 1919 2189 Liberi
1947 2125 2041 2187 vel
2064 2124 2242 2186 liberi
2263 2122 2390 2185 nati

391 2240 515 2304 sive
536 2242 794 2326 ingenui
823 2251 994 2322 sunt,
1030 2243 1125 2304 vel
1148 2241 1429 2303 servitute
1443 2238 1686 2303 liberati
1713 2239 1834 2301 sive
1855 2236 2247 2316 manumissi,
2283 2233 2390 2318 qui

386 2350 625 2416 domini
653 2353 856 2416 liberti
881 2400 897 2435 ‚
922 2351 1269 2419 conditione
1295 2352 1568 2417 libertini
1591 2351 1910 2435 dicuntur3
1936 2349 2119 2437 idque
2142 2367 2389 2428 nomen,

371 2468 517 2527 'non
552 2475 755 2528 tamen
776 2514 793 2549 ,
838 2466 1052 2550 opinor
1075 2515 1093 2550 ,
1145 2464 1409 2530 conditio
1457 2466 1601 2528 olim
1637 2466 1845 2532 liberis
1880 2486 2122 2551 quoque
2173 2484 2388 2526 eorum

382 2575 733 2641 adhaerebat
758 2576 847 2664 2).
900 2578 1131 2642 Liberis
1168 2577 1519 2644 hominibus
1560 2580 1721 2644 varia
1744 2629 1761 2663 ‚
1814 2580 1996 2644 servis
2028 2578 2197 2641 nulla
2220 2576 2382 2660 jura.

380 2687 702 2753 Libertatis
731 2700 940 2755 autem
987 2693 1219 2756 amissae
1255 2714 1499 2757 causam
1540 2716 1723 2758 nemo
1751 2715 1877 2757 non
1921 2690 2081 2755 videt
2114 2711 2239 2754 esse
2264 2692 2386 2752 vim

376 2800 639 2865 fortioris
662 2826 680 2886 3
712 2825 907 2889 quum
936 2803 1153 2869 natura
1172 2828 1412 2869 servum
1435 2828 1559 2870 non
1598 2808 1810 2871 fecerit
1835 2806 1925 2894 3).
1953 2804 2073 2870 Sed
2096 2804 2386 2891 legitimae

377 2912 827 2997 quodammodo
868 2917 1166 2980 servitutis
1201 2917 1369 3002 origo
1404 2966 1421 3001 ,
1459 2930 1622 2983 certe
1643 2919 2060 3005 antiquissima
2086 2966 2103 3001 ,
2134 2927 2196 2980 et
2216 2912 2380 3000 apud

374 3025 695 3113 plerasque
717 3026 991 3092 nationes
1022 3030 1220 3114 prima
1256 3030 1548 3094 libertatis
1595 3042 1814 3115 ereptae
1847 3053 2028 3095 causa
2071 3027 2380 3112 captivitas

378 3135 445 3198 in
490 3135 650 3201 bello
670 3162 688 3222 3
712 3139 852 3202 victi
874 3140 1040 3203 enim
1057 3141 1200 3224 jure
1225 3141 1511 3226 gentium·
1545 3143 1785 3207 victoris
1823 3164 1917 3206 res
1961 3138 2378 3221 habebantur,

378 3248 487 3331 qui
511 3296 527 3329 ,
553 3230 700 3333 quos
721 3272 921 3336 servos=
939 3273 1064 3314 esse
1091 3252 1365 3335 volebat,
1406 3264 1513 3316 aut
1552 3277 1689 3319 suos
1716 3264 1826 3318 aut
1867 3251 2186 3317 vendendo
2214 3251 2396 3314 alio-.

382 3381 526 3424 rum
550 3362 826 3427 faciebat.
852 3363 1032 3427 Sicin
1050 3364 1481 3448 antiquissimis
1508 3368 1704 3430 causis
1732 3367 2041 3450 captivitas
2063 3377 2123 3430 et
2163 3364 2380 3429 vendi-

382 3474 466 3538 tio
491 3474 567 3563 (§
586 3481 614 3539 1
630 3474 768 3561 00.)
789 3475 885 3539 Ab
911 3476 1094 3540 altera
1136 3475 1231 3538 vel
1257 3486 1511 3563 utraque
1539 3459 1810 3564 pendent
1837 3480 2129 3543 vocabula
2151 3499 2377 3541 servus
2403 3477 2404 3480 ’

376 3596 436 3647 et
453 3590 883 3672 mancipium.
911 3585 1168 3649 Servum
1188 3587 1359 3672 quasi
1380 3608 1417 3650 a
1437 3589 1665 3653 victore
1688 3599 1991 3653 servatum
2016 3636 2032 3670 ,
2055 3598 2115 3651 et
2130 3584 2380 3673 quidam

378 3722 413 3765 a
444 3699 662 3765 Graeco
701 3711 903 3787 etymo
948 3698 1076 3782 ἴμ,
1117 3697 1274 3780 c'pv'ae,
1323 3721 1525 3783 servo,
1573 3702 1677 3764 cui
1720 3702 1880 3764 favet
1927 3699 2091 3783 apud
2139 3699 2380 3763 Festum

375 3812 632 3877 eritudo
664 3811 729 3899 4)
757 3860 775 3896 ,
813 3813 1195 3899 mancipium
1246 3812 1420 3897 quasi
1471 3834 1663 3875 manu
1708 3822 1957 3896 captum
2011 3809 2380 3897 adpellatum

374 3927 623 3991 voluere
651 3923 742 4011 5).
771 3925 889 3989 Sed
920 3938 980 3990 et
1010 3927 1162 3991 servi
1191 3925 1465 3990 vocabuli
1497 3924 1661 3989 varia
1685 3934 1775 3988 est
1820 3924 2068 4010 insuper
2090 3924 2378 3991 derivatio

379 4037 405 4127 (
429 4037 578 4125 ἄρα,
624 4049 811 4104 necto
839 4087 856 4121 ‚
916 4037 1096 4122 εἷ’μμς
1120 4089 1137 4121 ,
1174 4053 1287 4105 etc.
1337 4036 1363 4127 )
1392 4089 1408 4125 ,
1467 4051 1527 4104 et
1582 4035 1960 4124 mancipium
1986 4086 2003 4121 ,
2062 4039 2168 4125 qui
2220 4037 2377 4102 doc-
