<?xml version="1.0" encoding="UTF-8"?>
<!DOCTYPE html PUBLIC "-//W3C//DTD XHTML 1.0 Transitional//EN"
    "http://www.w3.org/TR/xhtml1/DTD/xhtml1-transitional.dtd">
<html xmlns="http://www.w3.org/1999/xhtml" xml:lang="en" lang="en">
 <head>
  <title>
</title>
<meta http-equiv="Content-Type" content="text/html;charset=utf-8" />
  <meta name='ocr-system' content='tesseract 3.04.00' />
  <meta name='ocr-capabilities' content='ocr_page ocr_carea ocr_par ocr_line ocrx_word'/>
</head>
<body>
  <div class='ocr_page' id='page_1' title='image "./antiquitatesrom00dirkgoog_0321.png"; bbox 0 0 3111 4829; ppageno 0'>
   <div class='ocr_carea' id='block_1_1' title="bbox 645 353 2684 905">
    <p class='ocr_par' dir='ltr' id='par_1_1' title="bbox 645 353 2684 905">
     <span class='ocr_line' id='line_1_1' title="bbox 1531 353 1788 435; baseline -0.012 -19"><span class='ocrx_word' id='word_1_1' title='bbox 1531 354 1558 435; x_wconf 92' lang='lat'><strong>(</strong></span> <span class='ocrx_word' id='word_1_2' title='bbox 1601 353 1721 415; x_wconf 79' lang='lat'><strong>282</strong></span> <span class='ocrx_word' id='word_1_3' title='bbox 1762 353 1788 434; x_wconf 91' lang='lat'>)</span> 
     </span>
     <span class='ocr_line' id='line_1_2' title="bbox 649 482 2683 562; baseline -0.004 -21"><span class='ocrx_word' id='word_1_4' title='bbox 649 492 814 542; x_wconf 69' lang='lat' dir='ltr'><strong>millia</strong></span> <span class='ocrx_word' id='word_1_5' title='bbox 845 487 967 538; x_wconf 72' lang='lat' dir='ltr'><strong>dare</strong></span> <span class='ocrx_word' id='word_1_6' title='bbox 989 491 1214 552; x_wconf 69' lang='lat' dir='ltr'><strong>oportere</strong></span> <span class='ocrx_word' id='word_1_7' title='bbox 1224 505 1245 546; x_wconf 91' lang='lat'><strong>‚·</strong></span> <span class='ocrx_word' id='word_1_8' title='bbox 1268 484 1651 552; x_wconf 66' lang='lat' dir='ltr'><strong>adjunctio-tionis</strong></span> <span class='ocrx_word' id='word_1_9' title='bbox 1673 486 1735 548; x_wconf 70' lang='lat'><strong>4,</strong></span> <span class='ocrx_word' id='word_1_10' title='bbox 1758 482 1821 534; x_wconf 74' lang='lat'><strong>42</strong></span> <span class='ocrx_word' id='word_1_11' title='bbox 1840 518 1856 546; x_wconf 91' lang='lat'>‚</span> <span class='ocrx_word' id='word_1_12' title='bbox 1893 482 2315 534; x_wconf 69' lang='lat' dir='ltr'><strong>condemnationi·</strong></span> <span class='ocrx_word' id='word_1_13' title='bbox 2335 482 2398 546; x_wconf 74' lang='lat'><strong>4,</strong></span> <span class='ocrx_word' id='word_1_14' title='bbox 2418 483 2506 533; x_wconf 70' lang='lat'><strong>43.</strong></span> <span class='ocrx_word' id='word_1_15' title='bbox 2529 483 2607 531; x_wconf 70' lang='lat' dir='ltr'><strong>Cf.</strong></span> <span class='ocrx_word' id='word_1_16' title='bbox 2631 487 2683 562; x_wconf 75' lang='lat' dir='ltr'><strong>et</strong></span> 
     </span>
     <span class='ocr_line' id='line_1_3' title="bbox 645 579 814 646; baseline -0.024 -15"><span class='ocrx_word' id='word_1_17' title='bbox 645 580 709 646; x_wconf 73' lang='lat'><strong>⁴,</strong></span> <span class='ocrx_word' id='word_1_18' title='bbox 732 579 814 630; x_wconf 79' lang='lat'><strong>46.</strong></span> 
     </span>
     <span class='ocr_line' id='line_1_4' title="bbox 739 701 2684 788; baseline -0.001 -19"><span class='ocrx_word' id='word_1_19' title='bbox 739 708 967 772; x_wconf 80' lang='lat'><strong>271.····</strong></span> <span class='ocrx_word' id='word_1_20' title='bbox 1038 703 1343 769; x_wconf 81' lang='lat' dir='ltr'><strong>Formulis</strong></span> <span class='ocrx_word' id='word_1_21' title='bbox 1393 725 1541 769; x_wconf 91' lang='lat' dir='ltr'><strong>cum</strong></span> <span class='ocrx_word' id='word_1_22' title='bbox 1602 703 1756 788; x_wconf 83' lang='lat' dir='ltr'><strong>legis</strong></span> <span class='ocrx_word' id='word_1_23' title='bbox 1807 702 2155 767; x_wconf 77' lang='lat' dir='ltr'><strong>actionibus</strong></span> <span class='ocrx_word' id='word_1_24' title='bbox 2195 701 2546 767; x_wconf 83' lang='lat' dir='ltr'><strong>communis</strong></span> <span class='ocrx_word' id='word_1_25' title='bbox 2591 714 2684 767; x_wconf 88' lang='lat' dir='ltr'><strong>est</strong></span> 
     </span>
     <span class='ocr_line' id='line_1_5' title="bbox 648 814 2681 905; baseline -0.003 -18"><span class='ocrx_word' id='word_1_26' title='bbox 648 829 1088 905; x_wconf 88' lang='lat' dir='ltr'><strong>conceptorum</strong></span> <span class='ocrx_word' id='word_1_27' title='bbox 1133 817 1463 881; x_wconf 77' lang='lat' dir='ltr'><strong>verborum</strong></span> <span class='ocrx_word' id='word_1_28' title='bbox 1504 838 1690 898; x_wconf 82' lang='lat' dir='ltr'><strong>usus3</strong></span> <span class='ocrx_word' id='word_1_29' title='bbox 1736 814 1842 881; x_wconf 85' lang='lat' dir='ltr'><strong>sed</strong></span> <span class='ocrx_word' id='word_1_30' title='bbox 1886 817 2173 881; x_wconf 80' lang='lat' dir='ltr'><strong>formulae</strong></span> <span class='ocrx_word' id='word_1_31' title='bbox 2197 864 2215 898; x_wconf 90' lang='lat'><strong>,</strong></span> <span class='ocrx_word' id='word_1_32' title='bbox 2257 814 2501 898; x_wconf 82' lang='lat' dir='ltr'><strong>recisis,</strong></span> <span class='ocrx_word' id='word_1_33' title='bbox 2540 838 2681 902; x_wconf 61' lang='lat' dir='ltr'><strong>quae</strong></span> 
     </span>
    </p>
   </div>
   <div class='ocr_carea' id='block_1_2' title="bbox 639 919 2688 3848">
    <p class='ocr_par' dir='ltr' id='par_1_2' title="bbox 639 919 2688 3631">
     <span class='ocr_line' id='line_1_6' title="bbox 645 919 2684 1020; baseline -0.001 -18"><span class='ocrx_word' id='word_1_34' title='bbox 645 938 714 1002; x_wconf 88' lang='lat' dir='ltr'><strong>in</strong></span> <span class='ocrx_word' id='word_1_35' title='bbox 757 919 880 1001; x_wconf 84' lang='lat' dir='ltr'><strong>illis</strong></span> <span class='ocrx_word' id='word_1_36' title='bbox 939 934 1187 1000; x_wconf 75' lang='lat' dir='ltr'><strong>subtilia</strong></span> <span class='ocrx_word' id='word_1_37' title='bbox 1228 934 1416 997; x_wconf 89' lang='lat' dir='ltr'><strong>nimis</strong></span> <span class='ocrx_word' id='word_1_38' title='bbox 1460 945 1569 997; x_wconf 86' lang='lat' dir='ltr'><strong>aut</strong></span> <span class='ocrx_word' id='word_1_39' title='bbox 1610 955 1989 1020; x_wconf 72' lang='lat' dir='ltr'><strong>supervacua</strong></span> <span class='ocrx_word' id='word_1_40' title='bbox 2043 933 2441 1016; x_wconf 76' lang='lat' dir='ltr'><strong>videbantur,</strong></span> <span class='ocrx_word' id='word_1_41' title='bbox 2483 957 2581 999; x_wconf 78' lang='lat' dir='ltr'><strong>res</strong></span> <span class='ocrx_word' id='word_1_42' title='bbox 2621 946 2684 999; x_wconf 85' lang='lat' dir='ltr'><strong>et</strong></span> 
     </span>
     <span class='ocr_line' id='line_1_7' title="bbox 645 1046 2682 1135; baseline -0.001 -19"><span class='ocrx_word' id='word_1_43' title='bbox 645 1050 892 1117; x_wconf 72' lang='lat' dir='ltr'><strong>brevius</strong></span> <span class='ocrx_word' id='word_1_44' title='bbox 920 1059 981 1112; x_wconf 92' lang='lat' dir='ltr'><strong>et</strong></span> <span class='ocrx_word' id='word_1_45' title='bbox 1024 1046 1406 1133; x_wconf 81' lang='lat' dir='ltr'><strong>simplicius,</strong></span> <span class='ocrx_word' id='word_1_46' title='bbox 1455 1068 1698 1134; x_wconf 89' lang='lat' dir='ltr'><strong>neque,</strong></span> <span class='ocrx_word' id='word_1_47' title='bbox 1741 1059 1812 1112; x_wconf 88' lang='lat' dir='ltr'><strong>ut</strong></span> <span class='ocrx_word' id='word_1_48' title='bbox 1856 1049 2016 1131; x_wconf 71' lang='lat' dir='ltr'><strong>illm,</strong></span> <span class='ocrx_word' id='word_1_49' title='bbox 2050 1049 2440 1134; x_wconf 72' lang='lat' dir='ltr'><strong>generaiibus</strong></span> <span class='ocrx_word' id='word_1_50' title='bbox 2468 1050 2682 1135; x_wconf 80' lang='lat' dir='ltr'><strong>legum</strong></span> 
     </span>
     <span class='ocr_line' id='line_1_8' title="bbox 645 1159 2681 1248; baseline -0 -21"><span class='ocrx_word' id='word_1_51' title='bbox 645 1162 883 1245; x_wconf 81' lang='lat' dir='ltr'><strong>verbis,</strong></span> <span class='ocrx_word' id='word_1_52' title='bbox 935 1160 1041 1226; x_wconf 86' lang='lat' dir='ltr'><strong>sed</strong></span> <span class='ocrx_word' id='word_1_53' title='bbox 1083 1159 1164 1224; x_wconf 91' lang='lat' dir='ltr'><strong>ad</strong></span> <span class='ocrx_word' id='word_1_54' title='bbox 1205 1161 1479 1246; x_wconf 81' lang='lat' dir='ltr'><strong>singulos</strong></span> <span class='ocrx_word' id='word_1_55' title='bbox 1523 1183 1701 1225; x_wconf 90' lang='lat' dir='ltr'><strong>casus</strong></span> <span class='ocrx_word' id='word_1_56' title='bbox 1750 1161 2062 1247; x_wconf 72' lang='lat' dir='ltr'><strong>speciatim</strong></span> <span class='ocrx_word' id='word_1_57' title='bbox 2086 1210 2103 1244; x_wconf 93' lang='lat'><strong>,</strong></span> <span class='ocrx_word' id='word_1_58' title='bbox 2152 1173 2222 1225; x_wconf 87' lang='lat' dir='ltr'><strong>ut</strong></span> <span class='ocrx_word' id='word_1_59' title='bbox 2262 1162 2351 1226; x_wconf 84' lang='lat' dir='ltr'><strong>ait</strong></span> <span class='ocrx_word' id='word_1_60' title='bbox 2392 1164 2681 1248; x_wconf 84' lang='lat' dir='ltr'><strong>Dupont,</strong></span> 
     </span>
     <span class='ocr_line' id='line_1_9' title="bbox 645 1276 2683 1363; baseline -0.001 -20"><span class='ocrx_word' id='word_1_61' title='bbox 645 1276 941 1363; x_wconf 88' lang='lat' dir='ltr'><strong>adoptatis</strong></span> <span class='ocrx_word' id='word_1_62' title='bbox 994 1276 1438 1362; x_wconf 77' lang='lat' dir='ltr'><strong>exprimebant.</strong></span> <span class='ocrx_word' id='word_1_63' title='bbox 1493 1276 1712 1362; x_wconf 81' lang='lat' dir='ltr'><strong>Itaque</strong></span> <span class='ocrx_word' id='word_1_64' title='bbox 1760 1276 2173 1340; x_wconf 84' lang='lat' dir='ltr'><strong>formularum</strong></span> <span class='ocrx_word' id='word_1_65' title='bbox 2220 1277 2373 1340; x_wconf 85' lang='lat' dir='ltr'><strong>ratio</strong></span> <span class='ocrx_word' id='word_1_66' title='bbox 2398 1325 2417 1360; x_wconf 91' lang='lat'><strong>,</strong></span> <span class='ocrx_word' id='word_1_67' title='bbox 2456 1276 2683 1363; x_wconf 80' lang='lat' dir='ltr'><strong>agendi</strong></span> 
     </span>
     <span class='ocr_line' id='line_1_10' title="bbox 647 1388 2679 1478; baseline -0 -22"><span class='ocrx_word' id='word_1_68' title='bbox 647 1403 946 1478; x_wconf 79' lang='lat' dir='ltr'><strong>tanquam</strong></span> <span class='ocrx_word' id='word_1_69' title='bbox 1000 1391 1396 1455; x_wconf 82' lang='lat' dir='ltr'><strong>caeremonias</strong></span> <span class='ocrx_word' id='word_1_70' title='bbox 1453 1390 1893 1476; x_wconf 65' lang='lat' dir='ltr'><strong>solemnemque</strong></span> <span class='ocrx_word' id='word_1_71' title='bbox 1935 1388 2360 1457; x_wconf 87' lang='lat' dir='ltr'><strong>difficultatem</strong></span> <span class='ocrx_word' id='word_1_72' title='bbox 2420 1392 2636 1455; x_wconf 88' lang='lat' dir='ltr'><strong>tollens</strong></span> <span class='ocrx_word' id='word_1_73' title='bbox 2661 1440 2679 1475; x_wconf 92' lang='lat'><strong>,</strong></span> 
     </span>
     <span class='ocr_line' id='line_1_11' title="bbox 642 1501 2685 1592; baseline 0.001 -24"><span class='ocrx_word' id='word_1_74' title='bbox 642 1507 804 1592; x_wconf 88' lang='lat' dir='ltr'><strong>ipsas</strong></span> <span class='ocrx_word' id='word_1_75' title='bbox 831 1515 1038 1569; x_wconf 88' lang='lat' dir='ltr'><strong>tamen</strong></span> <span class='ocrx_word' id='word_1_76' title='bbox 1069 1502 1372 1585; x_wconf 78' lang='lat' dir='ltr'><strong>actiones,</strong></span> <span class='ocrx_word' id='word_1_77' title='bbox 1405 1501 1454 1564; x_wconf 90' lang='lat' dir='ltr'><strong>si</strong></span> <span class='ocrx_word' id='word_1_78' title='bbox 1476 1501 1602 1565; x_wconf 74' lang='lat' dir='ltr'><strong>vim</strong></span> <span class='ocrx_word' id='word_1_79' title='bbox 1633 1502 1880 1567; x_wconf 89' lang='lat' dir='ltr'><strong>illarum</strong></span> <span class='ocrx_word' id='word_1_80' title='bbox 1902 1502 2188 1588; x_wconf 84' lang='lat' dir='ltr'><strong>respicias</strong></span> <span class='ocrx_word' id='word_1_81' title='bbox 2209 1553 2226 1587; x_wconf 92' lang='lat'><strong>,</strong></span> <span class='ocrx_word' id='word_1_82' title='bbox 2256 1526 2327 1568; x_wconf 82' lang='lat' dir='ltr'><strong>ex</strong></span> <span class='ocrx_word' id='word_1_83' title='bbox 2356 1516 2527 1590; x_wconf 88' lang='lat' dir='ltr'><strong>parte</strong></span> <span class='ocrx_word' id='word_1_84' title='bbox 2553 1505 2685 1570; x_wconf 87' lang='lat' dir='ltr'><strong>uti-</strong></span> 
     </span>
     <span class='ocr_line' id='line_1_12' title="bbox 640 1613 2685 1706; baseline 0 -23"><span class='ocrx_word' id='word_1_85' title='bbox 640 1641 765 1706; x_wconf 88' lang='lat' dir='ltr'><strong>que</strong></span> <span class='ocrx_word' id='word_1_86' title='bbox 789 1666 807 1701; x_wconf 89' lang='lat'><strong>,</strong></span> <span class='ocrx_word' id='word_1_87' title='bbox 851 1616 1163 1697; x_wconf 82' lang='lat' dir='ltr'><strong>servabat3</strong></span> <span class='ocrx_word' id='word_1_88' title='bbox 1210 1636 1364 1701; x_wconf 84' lang='lat' dir='ltr'><strong>quas</strong></span> <span class='ocrx_word' id='word_1_89' title='bbox 1410 1613 1605 1697; x_wconf 86' lang='lat' dir='ltr'><strong>adeo,</strong></span> <span class='ocrx_word' id='word_1_90' title='bbox 1642 1616 1809 1679; x_wconf 81' lang='lat' dir='ltr'><strong>velut</strong></span> <span class='ocrx_word' id='word_1_91' title='bbox 1851 1616 2209 1700; x_wconf 83' lang='lat' dir='ltr'><strong>sponsiones</strong></span> <span class='ocrx_word' id='word_1_92' title='bbox 2236 1664 2253 1699; x_wconf 91' lang='lat'><strong>,</strong></span> <span class='ocrx_word' id='word_1_93' title='bbox 2296 1639 2440 1704; x_wconf 64' lang='lat' dir='ltr'><strong>quas</strong></span> <span class='ocrx_word' id='word_1_94' title='bbox 2470 1640 2685 1684; x_wconf 83' lang='lat' dir='ltr'><strong>sacra-</strong></span> 
     </span>
     <span class='ocr_line' id='line_1_13' title="bbox 640 1726 2686 1817; baseline 0 -22"><span class='ocrx_word' id='word_1_95' title='bbox 640 1731 840 1796; x_wconf 80' lang='lat' dir='ltr'><strong>menti</strong></span> <span class='ocrx_word' id='word_1_96' title='bbox 871 1732 1009 1793; x_wconf 89' lang='lat' dir='ltr'><strong>}oco</strong></span> <span class='ocrx_word' id='word_1_97' title='bbox 1032 1727 1338 1810; x_wconf 66' lang='lat' dir='ltr'><strong>inducte,</strong></span> <span class='ocrx_word' id='word_1_98' title='bbox 1364 1737 1425 1790; x_wconf 93' lang='lat' dir='ltr'><strong>et</strong></span> <span class='ocrx_word' id='word_1_99' title='bbox 1448 1726 1681 1810; x_wconf 82' lang='lat' dir='ltr'><strong>judicis</strong></span> <span class='ocrx_word' id='word_1_100' title='bbox 1703 1728 2174 1812; x_wconf 80' lang='lat' dir='ltr'><strong>postulationem</strong></span> <span class='ocrx_word' id='word_1_101' title='bbox 2202 1727 2295 1816; x_wconf 84' lang='lat'><strong>1),</strong></span> <span class='ocrx_word' id='word_1_102' title='bbox 2323 1730 2391 1793; x_wconf 89' lang='lat' dir='ltr'><strong>in</strong></span> <span class='ocrx_word' id='word_1_103' title='bbox 2423 1742 2686 1817; x_wconf 86' lang='lat' dir='ltr'><strong>utraque</strong></span> 
     </span>
     <span class='ocr_line' id='line_1_14' title="bbox 640 1837 2682 1934; baseline 0 -24"><span class='ocrx_word' id='word_1_104' title='bbox 640 1847 878 1910; x_wconf 87' lang='lat' dir='ltr'><strong>ratione</strong></span> <span class='ocrx_word' id='word_1_105' title='bbox 906 1842 1252 1908; x_wconf 88' lang='lat' dir='ltr'><strong>obtinentes</strong></span> <span class='ocrx_word' id='word_1_106' title='bbox 1282 1842 1625 1926; x_wconf 84' lang='lat' dir='ltr'><strong>reperimus</strong></span> <span class='ocrx_word' id='word_1_107' title='bbox 1646 1837 1735 1928; x_wconf 90' lang='lat'><strong>2).</strong></span> <span class='ocrx_word' id='word_1_108' title='bbox 1762 1841 1968 1923; x_wconf 85' lang='lat' dir='ltr'><strong>Quare</strong></span> <span class='ocrx_word' id='word_1_109' title='bbox 1995 1841 2072 1908; x_wconf 91' lang='lat' dir='ltr'><strong>de</strong></span> <span class='ocrx_word' id='word_1_110' title='bbox 2094 1845 2403 1930; x_wconf 86' lang='lat' dir='ltr'><strong>conceptis</strong></span> <span class='ocrx_word' id='word_1_111' title='bbox 2432 1868 2682 1934; x_wconf 86' lang='lat' dir='ltr'><strong>quoqne</strong></span> 
     </span>
     <span class='ocr_line' id='line_1_15' title="bbox 640 1954 2686 2046; baseline 0.001 -22"><span class='ocrx_word' id='word_1_112' title='bbox 640 1960 842 2025; x_wconf 80' lang='lat' dir='ltr'><strong>verbis</strong></span> <span class='ocrx_word' id='word_1_113' title='bbox 863 2006 881 2041; x_wconf 93' lang='lat'><strong>,</strong></span> <span class='ocrx_word' id='word_1_114' title='bbox 918 1957 1116 2022; x_wconf 86' lang='lat' dir='ltr'><strong>multa</strong></span> <span class='ocrx_word' id='word_1_115' title='bbox 1143 1979 1180 2021; x_wconf 90' lang='lat' dir='ltr'><strong>a</strong></span> <span class='ocrx_word' id='word_1_116' title='bbox 1225 1955 1380 2041; x_wconf 85' lang='lat' dir='ltr'><strong>legis</strong></span> <span class='ocrx_word' id='word_1_117' title='bbox 1414 1954 1765 2020; x_wconf 88' lang='lat' dir='ltr'><strong>actionibus</strong></span> <span class='ocrx_word' id='word_1_118' title='bbox 1811 1956 1880 2019; x_wconf 89' lang='lat' dir='ltr'><strong>in</strong></span> <span class='ocrx_word' id='word_1_119' title='bbox 1929 1957 2214 2022; x_wconf 79' lang='lat' dir='ltr'><strong>formulis</strong></span> <span class='ocrx_word' id='word_1_120' title='bbox 2243 1980 2369 2021; x_wconf 87' lang='lat' dir='ltr'><strong>esse</strong></span> <span class='ocrx_word' id='word_1_121' title='bbox 2409 1970 2639 2026; x_wconf 82' lang='lat' dir='ltr'><strong>retenta</strong></span> <span class='ocrx_word' id='word_1_122' title='bbox 2666 2009 2686 2046; x_wconf 95' lang='lat'><strong>,</strong></span> 
     </span>
     <span class='ocr_line' id='line_1_16' title="bbox 639 2069 2683 2161; baseline 0 -23"><span class='ocrx_word' id='word_1_123' title='bbox 639 2075 738 2138; x_wconf 74' lang='lat' dir='ltr'><strong>vel</strong></span> <span class='ocrx_word' id='word_1_124' title='bbox 767 2071 907 2136; x_wconf 82' lang='lat' dir='ltr'><strong>ideo</strong></span> <span class='ocrx_word' id='word_1_125' title='bbox 943 2069 1216 2135; x_wconf 87' lang='lat' dir='ltr'><strong>dubitari</strong></span> <span class='ocrx_word' id='word_1_126' title='bbox 1253 2069 1348 2132; x_wconf 76' lang='lat' dir='ltr'><strong>vix</strong></span> <span class='ocrx_word' id='word_1_127' title='bbox 1378 2070 1583 2155; x_wconf 86' lang='lat' dir='ltr'><strong>possit.</strong></span> <span class='ocrx_word' id='word_1_128' title='bbox 1631 2069 1937 2133; x_wconf 74' lang='lat' dir='ltr'><strong>Caeterum</strong></span> <span class='ocrx_word' id='word_1_129' title='bbox 1964 2118 1982 2154; x_wconf 85' lang='lat'>‚</span> <span class='ocrx_word' id='word_1_130' title='bbox 2022 2071 2179 2157; x_wconf 84' lang='lat' dir='ltr'><strong>qnid</strong></span> <span class='ocrx_word' id='word_1_131' title='bbox 2210 2085 2641 2161; x_wconf 75' lang='lat' dir='ltr'><strong>quantumque</strong></span> <span class='ocrx_word' id='word_1_132' title='bbox 2664 2123 2683 2158; x_wconf 91' lang='lat'><strong>,</strong></span> 
     </span>
     <span class='ocr_line' id='line_1_17' title="bbox 651 2182 2687 2272; baseline 0 -22"><span class='ocrx_word' id='word_1_133' title='bbox 651 2187 775 2250; x_wconf 84' lang='lat' dir='ltr'><strong>sive</strong></span> <span class='ocrx_word' id='word_1_134' title='bbox 802 2208 839 2250; x_wconf 90' lang='lat' dir='ltr'><strong>e</strong></span> <span class='ocrx_word' id='word_1_135' title='bbox 871 2183 1068 2249; x_wconf 80' lang='lat' dir='ltr'><strong>verbis</strong></span> <span class='ocrx_word' id='word_1_136' title='bbox 1092 2233 1109 2267; x_wconf 87' lang='lat'><strong>,</strong></span> <span class='ocrx_word' id='word_1_137' title='bbox 1142 2183 1267 2248; x_wconf 79' lang='lat' dir='ltr'><strong>sive</strong></span> <span class='ocrx_word' id='word_1_138' title='bbox 1303 2203 1375 2247; x_wconf 79' lang='lat' dir='ltr'><strong>ex</strong></span> <span class='ocrx_word' id='word_1_139' title='bbox 1416 2182 1564 2267; x_wconf 89' lang='lat' dir='ltr'><strong>ipsis</strong></span> <span class='ocrx_word' id='word_1_140' title='bbox 1594 2182 1784 2247; x_wconf 82' lang='lat' dir='ltr'><strong>etiam</strong></span> <span class='ocrx_word' id='word_1_141' title='bbox 1814 2183 2092 2268; x_wconf 86' lang='lat' dir='ltr'><strong>actibus,</strong></span> <span class='ocrx_word' id='word_1_142' title='bbox 2123 2197 2425 2250; x_wconf 86' lang='lat' dir='ltr'><strong>servatum</strong></span> <span class='ocrx_word' id='word_1_143' title='bbox 2456 2187 2642 2251; x_wconf 85' lang='lat' dir='ltr'><strong>fuerit</strong></span> <span class='ocrx_word' id='word_1_144' title='bbox 2666 2236 2687 2272; x_wconf 84' lang='lat'><strong>,</strong></span> 
     </span>
     <span class='ocr_line' id='line_1_18' title="bbox 640 2295 2687 2385; baseline 0.001 -22"><span class='ocrx_word' id='word_1_145' title='bbox 640 2300 1022 2385; x_wconf 89' lang='lat' dir='ltr'><strong>omninoque</strong></span> <span class='ocrx_word' id='word_1_146' title='bbox 1048 2296 1381 2361; x_wconf 88' lang='lat' dir='ltr'><strong>discrimen</strong></span> <span class='ocrx_word' id='word_1_147' title='bbox 1410 2295 1703 2359; x_wconf 88' lang='lat' dir='ltr'><strong>binarum</strong></span> <span class='ocrx_word' id='word_1_148' title='bbox 1739 2295 1964 2382; x_wconf 87' lang='lat' dir='ltr'><strong>agendi</strong></span> <span class='ocrx_word' id='word_1_149' title='bbox 2004 2298 2312 2363; x_wconf 86' lang='lat' dir='ltr'><strong>rationum</strong></span> <span class='ocrx_word' id='word_1_150' title='bbox 2348 2300 2432 2366; x_wconf 82' lang='lat' dir='ltr'><strong>ita</strong></span> <span class='ocrx_word' id='word_1_151' title='bbox 2458 2351 2474 2384; x_wconf 90' lang='lat'><strong>,</strong></span> <span class='ocrx_word' id='word_1_152' title='bbox 2509 2312 2579 2365; x_wconf 93' lang='lat' dir='ltr'><strong>ut</strong></span> <span class='ocrx_word' id='word_1_153' title='bbox 2605 2323 2687 2366; x_wconf 85' lang='lat' dir='ltr'><strong>ue</strong></span> 
     </span>
     <span class='ocr_line' id='line_1_19' title="bbox 641 2410 2688 2498; baseline 0 -17"><span class='ocrx_word' id='word_1_154' title='bbox 641 2412 1067 2481; x_wconf 64' lang='lat' dir='ltr'><strong>controversiae</strong></span> <span class='ocrx_word' id='word_1_155' title='bbox 1104 2410 1450 2498; x_wconf 79' lang='lat' dir='ltr'><strong>plurimum</strong></span> <span class='ocrx_word' id='word_1_156' title='bbox 1481 2410 1909 2497; x_wconf 85' lang='lat' dir='ltr'><strong>relinquatur,</strong></span> <span class='ocrx_word' id='word_1_157' title='bbox 1937 2411 2310 2478; x_wconf 82' lang='lat' dir='ltr'><strong>constituere</strong></span> <span class='ocrx_word' id='word_1_158' title='bbox 2336 2463 2353 2498; x_wconf 87' lang='lat'>‚</span> <span class='ocrx_word' id='word_1_159' title='bbox 2390 2437 2508 2480; x_wconf 90' lang='lat' dir='ltr'><strong>nec</strong></span> <span class='ocrx_word' id='word_1_160' title='bbox 2546 2414 2688 2481; x_wconf 85' lang='lat' dir='ltr'><strong>doc-</strong></span> 
     </span>
     <span class='ocr_line' id='line_1_20' title="bbox 641 2523 2688 2610; baseline 0 -18"><span class='ocrx_word' id='word_1_161' title='bbox 641 2528 891 2593; x_wconf 84' lang='lat' dir='ltr'><strong>tissimis</strong></span> <span class='ocrx_word' id='word_1_162' title='bbox 916 2574 933 2608; x_wconf 92' lang='lat'><strong>,</strong></span> <span class='ocrx_word' id='word_1_163' title='bbox 970 2525 1229 2610; x_wconf 83' lang='lat' dir='ltr'><strong>opinor,</strong></span> <span class='ocrx_word' id='word_1_164' title='bbox 1275 2523 1458 2588; x_wconf 84' lang='lat' dir='ltr'><strong>facile</strong></span> <span class='ocrx_word' id='word_1_165' title='bbox 1500 2524 1871 2609; x_wconf 83' lang='lat' dir='ltr'><strong>contigerit,</strong></span> <span class='ocrx_word' id='word_1_166' title='bbox 1915 2535 1978 2588; x_wconf 89' lang='lat' dir='ltr'><strong>et</strong></span> <span class='ocrx_word' id='word_1_167' title='bbox 2008 2525 2185 2589; x_wconf 81' lang='lat' dir='ltr'><strong>nobis</strong></span> <span class='ocrx_word' id='word_1_168' title='bbox 2222 2527 2484 2592; x_wconf 88' lang='lat' dir='ltr'><strong>minime</strong></span> <span class='ocrx_word' id='word_1_169' title='bbox 2530 2529 2688 2593; x_wconf 82' lang='lat' dir='ltr'><strong>foret</strong></span> 
     </span>
     <span class='ocr_line' id='line_1_21' title="bbox 642 2635 2688 2725; baseline 0 -21"><span class='ocrx_word' id='word_1_170' title='bbox 642 2639 998 2705; x_wconf 89' lang='lat' dir='ltr'><strong>conandum</strong></span> <span class='ocrx_word' id='word_1_171' title='bbox 1025 2661 1041 2721; x_wconf 84' lang='lat'><em>3</em></span> <span class='ocrx_word' id='word_1_172' title='bbox 1093 2636 1325 2724; x_wconf 91' lang='lat' dir='ltr'><strong>quippe</strong></span> <span class='ocrx_word' id='word_1_173' title='bbox 1367 2637 1479 2721; x_wconf 91' lang='lat' dir='ltr'><strong>qui</strong></span> <span class='ocrx_word' id='word_1_174' title='bbox 1529 2635 1691 2700; x_wconf 90' lang='lat' dir='ltr'><strong>hanc</strong></span> <span class='ocrx_word' id='word_1_175' title='bbox 1742 2637 2140 2721; x_wconf 62' lang='lat' dir='ltr'><strong>quaestionem</strong></span> <span class='ocrx_word' id='word_1_176' title='bbox 2169 2687 2185 2720; x_wconf 89' lang='lat'><strong>,</strong></span> <span class='ocrx_word' id='word_1_177' title='bbox 2239 2651 2370 2724; x_wconf 88' lang='lat' dir='ltr'><strong>post</strong></span> <span class='ocrx_word' id='word_1_178' title='bbox 2423 2653 2688 2725; x_wconf 87' lang='lat' dir='ltr'><strong>repertas</strong></span> 
     </span>
     <span class='ocr_line' id='line_1_22' title="bbox 642 2746 2688 2840; baseline 0.001 -23"><span class='ocrx_word' id='word_1_179' title='bbox 642 2773 891 2840; x_wconf 90' lang='lat' dir='ltr'><strong>quoque</strong></span> <span class='ocrx_word' id='word_1_180' title='bbox 931 2750 1070 2835; x_wconf 84' lang='lat' dir='ltr'><strong>Caji</strong></span> <span class='ocrx_word' id='word_1_181' title='bbox 1107 2746 1573 2815; x_wconf 66' lang='lat' dir='ltr'><strong>Institutione-r</strong></span> <span class='ocrx_word' id='word_1_182' title='bbox 1588 2797 1614 2827; x_wconf 90' lang='lat'><strong>,</strong></span> <span class='ocrx_word' id='word_1_183' title='bbox 1645 2750 1712 2813; x_wconf 91' lang='lat' dir='ltr'><strong>in</strong></span> <span class='ocrx_word' id='word_1_184' title='bbox 1743 2748 2134 2837; x_wconf 84' lang='lat' dir='ltr'><strong>desperandis</strong></span> <span class='ocrx_word' id='word_1_185' title='bbox 2180 2751 2530 2837; x_wconf 85' lang='lat' dir='ltr'><strong>ponendam</strong></span> <span class='ocrx_word' id='word_1_186' title='bbox 2560 2753 2688 2819; x_wconf 85' lang='lat' dir='ltr'><strong>du-</strong></span> 
     </span>
     <span class='ocr_line' id='line_1_23' title="bbox 641 2864 2687 2950; baseline 0 -18"><span class='ocrx_word' id='word_1_187' title='bbox 641 2887 945 2933; x_wconf 82' lang='lat' dir='ltr'><strong>ceremus.</strong></span> <span class='ocrx_word' id='word_1_188' title='bbox 975 2864 1190 2950; x_wconf 88' lang='lat' dir='ltr'><strong>Neque</strong></span> <span class='ocrx_word' id='word_1_189' title='bbox 1225 2885 1369 2929; x_wconf 82' lang='lat' dir='ltr'><strong>vero</strong></span> <span class='ocrx_word' id='word_1_190' title='bbox 1408 2864 1768 2929; x_wconf 87' lang='lat' dir='ltr'><strong>mirandum</strong></span> <span class='ocrx_word' id='word_1_191' title='bbox 1793 2912 1811 2946; x_wconf 90' lang='lat'><strong>,</strong></span> <span class='ocrx_word' id='word_1_192' title='bbox 1836 2887 1875 2929; x_wconf 90' lang='lat' dir='ltr'><strong>a</strong></span> <span class='ocrx_word' id='word_1_193' title='bbox 1897 2865 2342 2933; x_wconf 86' lang='lat' dir='ltr'><strong>recentioribus</strong></span> <span class='ocrx_word' id='word_1_194' title='bbox 2388 2868 2687 2933; x_wconf 78' lang='lat' dir='ltr'><strong>formulas</strong></span> 
     </span>
     <span class='ocr_line' id='line_1_24' title="bbox 643 2976 2688 3066; baseline 0 -19"><span class='ocrx_word' id='word_1_195' title='bbox 643 3002 791 3047; x_wconf 91' lang='lat' dir='ltr'><strong>cum</strong></span> <span class='ocrx_word' id='word_1_196' title='bbox 823 2979 977 3066; x_wconf 85' lang='lat' dir='ltr'><strong>legis</strong></span> <span class='ocrx_word' id='word_1_197' title='bbox 1005 2978 1384 3059; x_wconf 88' lang='lat' dir='ltr'><strong>actionibus,</strong></span> <span class='ocrx_word' id='word_1_198' title='bbox 1428 2976 1727 3063; x_wconf 83' lang='lat' dir='ltr'><strong>quamdiu</strong></span> <span class='ocrx_word' id='word_1_199' title='bbox 1759 2977 1838 3041; x_wconf 83' lang='lat' dir='ltr'><strong>ad</strong></span> <span class='ocrx_word' id='word_1_200' title='bbox 1880 2978 2267 3065; x_wconf 78' lang='lat' dir='ltr'><strong>conjecturas</strong></span> <span class='ocrx_word' id='word_1_201' title='bbox 2311 2983 2436 3045; x_wconf 76' lang='lat' dir='ltr'><strong>fbre</strong></span> <span class='ocrx_word' id='word_1_202' title='bbox 2483 2982 2560 3046; x_wconf 88' lang='lat' dir='ltr'><strong>de</strong></span> <span class='ocrx_word' id='word_1_203' title='bbox 2591 2982 2688 3047; x_wconf 80' lang='lat' dir='ltr'><strong>his</strong></span> 
     </span>
     <span class='ocr_line' id='line_1_25' title="bbox 644 3090 2687 3183; baseline 0.003 -25"><span class='ocrx_word' id='word_1_204' title='bbox 644 3093 973 3181; x_wconf 88' lang='lat' dir='ltr'><strong>disputatio</strong></span> <span class='ocrx_word' id='word_1_205' title='bbox 1022 3090 1457 3178; x_wconf 88' lang='lat' dir='ltr'><strong>redigebatur,</strong></span> <span class='ocrx_word' id='word_1_206' title='bbox 1495 3114 1655 3178; x_wconf 83' lang='lat' dir='ltr'><strong>saepe</strong></span> <span class='ocrx_word' id='word_1_207' title='bbox 1701 3093 1985 3157; x_wconf 83' lang='lat' dir='ltr'><strong>confusas</strong></span> <span class='ocrx_word' id='word_1_208' title='bbox 2035 3091 2139 3182; x_wconf 84' lang='lat'><strong>3);</strong></span> <span class='ocrx_word' id='word_1_209' title='bbox 2186 3107 2370 3183; x_wconf 86' lang='lat' dir='ltr'><strong>atque</strong></span> <span class='ocrx_word' id='word_1_210' title='bbox 2410 3096 2561 3163; x_wconf 88' lang='lat' dir='ltr'><strong>adeo</strong></span> <span class='ocrx_word' id='word_1_211' title='bbox 2607 3098 2687 3164; x_wconf 82' lang='lat' dir='ltr'><strong>ad</strong></span> 
     </span>
     <span class='ocr_line' id='line_1_26' title="bbox 643 3206 2687 3293; baseline 0.002 -19"><span class='ocrx_word' id='word_1_212' title='bbox 643 3208 940 3274; x_wconf 80' lang='lat' dir='ltr'><strong>formulas</strong></span> <span class='ocrx_word' id='word_1_213' title='bbox 977 3206 1240 3293; x_wconf 86' lang='lat' dir='ltr'><strong>potuisse</strong></span> <span class='ocrx_word' id='word_1_214' title='bbox 1265 3227 1412 3270; x_wconf 90' lang='lat' dir='ltr'><strong>cum</strong></span> <span class='ocrx_word' id='word_1_215' title='bbox 1434 3207 1586 3291; x_wconf 83' lang='lat' dir='ltr'><strong>alia,</strong></span> <span class='ocrx_word' id='word_1_216' title='bbox 1625 3218 1760 3272; x_wconf 88' lang='lat' dir='ltr'><strong>tum</strong></span> <span class='ocrx_word' id='word_1_217' title='bbox 1788 3209 2101 3275; x_wconf 84' lang='lat' dir='ltr'><strong>Ciceronis</strong></span> <span class='ocrx_word' id='word_1_218' title='bbox 2123 3224 2488 3277; x_wconf 84' lang='lat' dir='ltr'><strong>memoratos</strong></span> <span class='ocrx_word' id='word_1_219' title='bbox 2510 3214 2687 3278; x_wconf 77' lang='lat' dir='ltr'><strong>nobis</strong></span> 
     </span>
     <span class='ocr_line' id='line_1_27' title="bbox 645 3318 2683 3411; baseline 0.002 -25"><span class='ocrx_word' id='word_1_220' title='bbox 645 3325 811 3387; x_wconf 85' lang='lat' dir='ltr'><strong>locos</strong></span> <span class='ocrx_word' id='word_1_221' title='bbox 832 3322 859 3411; x_wconf 91' lang='lat'>(</span> <span class='ocrx_word' id='word_1_222' title='bbox 880 3344 938 3407; x_wconf 91' lang='lat' dir='ltr'><strong>p.</strong></span> <span class='ocrx_word' id='word_1_223' title='bbox 968 3323 1099 3385; x_wconf 86' lang='lat'><strong>275</strong></span> <span class='ocrx_word' id='word_1_224' title='bbox 1120 3331 1180 3383; x_wconf 91' lang='lat' dir='ltr'><strong>et</strong></span> <span class='ocrx_word' id='word_1_225' title='bbox 1199 3318 1382 3407; x_wconf 80' lang='lat'><strong>280.)</strong></span> <span class='ocrx_word' id='word_1_226' title='bbox 1415 3321 1672 3402; x_wconf 80' lang='lat' dir='ltr'><strong>referri,</strong></span> <span class='ocrx_word' id='word_1_227' title='bbox 1703 3322 1934 3409; x_wconf 86' lang='lat' dir='ltr'><strong>quibus</strong></span> <span class='ocrx_word' id='word_1_228' title='bbox 1969 3324 2126 3409; x_wconf 83' lang='lat' dir='ltr'><strong>legis</strong></span> <span class='ocrx_word' id='word_1_229' title='bbox 2154 3326 2422 3390; x_wconf 85' lang='lat' dir='ltr'><strong>actiones</strong></span> <span class='ocrx_word' id='word_1_230' title='bbox 2453 3324 2638 3391; x_wconf 84' lang='lat' dir='ltr'><strong>rideri</strong></span> <span class='ocrx_word' id='word_1_231' title='bbox 2666 3378 2683 3410; x_wconf 88' lang='lat'><strong>,</strong></span> 
     </span>
     <span class='ocr_line' id='line_1_28' title="bbox 646 3432 2688 3524; baseline 0.002 -23"><span class='ocrx_word' id='word_1_232' title='bbox 646 3434 888 3501; x_wconf 89' lang='lat' dir='ltr'><strong>nemini</strong></span> <span class='ocrx_word' id='word_1_233' title='bbox 903 3433 1056 3518; x_wconf 89' lang='lat' dir='ltr'><strong>jam,</strong></span> <span class='ocrx_word' id='word_1_234' title='bbox 1078 3453 1149 3496; x_wconf 82' lang='lat' dir='ltr'><strong>ex</strong></span> <span class='ocrx_word' id='word_1_235' title='bbox 1162 3432 1307 3518; x_wconf 83' lang='lat' dir='ltr'><strong>Cajo</strong></span> <span class='ocrx_word' id='word_1_236' title='bbox 1329 3444 1655 3521; x_wconf 85' lang='lat' dir='ltr'><strong>utramque</strong></span> <span class='ocrx_word' id='word_1_237' title='bbox 1680 3433 1825 3519; x_wconf 87' lang='lat' dir='ltr'><strong>jure</strong></span> <span class='ocrx_word' id='word_1_238' title='bbox 1850 3436 2086 3523; x_wconf 89' lang='lat' dir='ltr'><strong>agendi</strong></span> <span class='ocrx_word' id='word_1_239' title='bbox 2110 3439 2405 3502; x_wconf 87' lang='lat' dir='ltr'><strong>rationem</strong></span> <span class='ocrx_word' id='word_1_240' title='bbox 2429 3460 2688 3524; x_wconf 85' lang='lat' dir='ltr'><strong>cognos-</strong></span> 
     </span>
     <span class='ocr_line' id='line_1_29' title="bbox 642 3547 1786 3631; baseline -0.001 -15"><span class='ocrx_word' id='word_1_241' title='bbox 642 3549 805 3616; x_wconf 86' lang='lat' dir='ltr'><strong>centi</strong></span> <span class='ocrx_word' id='word_1_242' title='bbox 830 3596 848 3631; x_wconf 90' lang='lat'><strong>,</strong></span> <span class='ocrx_word' id='word_1_243' title='bbox 892 3568 1016 3611; x_wconf 89' lang='lat' dir='ltr'><strong>non</strong></span> <span class='ocrx_word' id='word_1_244' title='bbox 1047 3547 1444 3611; x_wconf 81' lang='lat' dir='ltr'><strong>manifestum</strong></span> <span class='ocrx_word' id='word_1_245' title='bbox 1485 3547 1786 3617; x_wconf 85' lang='lat' dir='ltr'><strong>crederes.</strong></span> 
     </span>
    </p>

    <p class='ocr_par' dir='ltr' id='par_1_3' title="bbox 642 3682 2685 3848">
     <span class='ocr_line' id='line_1_30' title="bbox 712 3682 2685 3754; baseline 0.004 -19"><span class='ocrx_word' id='word_1_246' title='bbox 712 3686 764 3750; x_wconf 78' lang='lat'><strong>1)</strong></span> <span class='ocrx_word' id='word_1_247' title='bbox 785 3683 962 3733; x_wconf 72' lang='lat' dir='ltr'><strong>Nescio</strong></span> <span class='ocrx_word' id='word_1_248' title='bbox 981 3720 996 3746; x_wconf 88' lang='lat'><strong>,</strong></span> <span class='ocrx_word' id='word_1_249' title='bbox 1022 3697 1087 3731; x_wconf 76' lang='lat' dir='ltr'><strong>an</strong></span> <span class='ocrx_word' id='word_1_250' title='bbox 1107 3682 1239 3732; x_wconf 81' lang='lat' dir='ltr'><strong>idem</strong></span> <span class='ocrx_word' id='word_1_251' title='bbox 1261 3683 1528 3733; x_wconf 74' lang='lat' dir='ltr'><strong>dicendum</strong></span> <span class='ocrx_word' id='word_1_252' title='bbox 1562 3684 1624 3733; x_wconf 80' lang='lat' dir='ltr'><strong>do</strong></span> <span class='ocrx_word' id='word_1_253' title='bbox 1647 3701 1823 3736; x_wconf 70' lang='lat' dir='ltr'><strong>unum</strong></span> <span class='ocrx_word' id='word_1_254' title='bbox 1858 3684 2125 3754; x_wconf 82' lang='lat' dir='ltr'><strong>injectione</strong></span> <span class='ocrx_word' id='word_1_255' title='bbox 2137 3704 2155 3753; x_wconf 83' lang='lat'><em>3</em></span> <span class='ocrx_word' id='word_1_256' title='bbox 2187 3692 2361 3738; x_wconf 77' lang='lat' dir='ltr'><strong>contra</strong></span> <span class='ocrx_word' id='word_1_257' title='bbox 2382 3693 2550 3741; x_wconf 66' lang='lat' dir='ltr'><strong>umen</strong></span> <span class='ocrx_word' id='word_1_258' title='bbox 2578 3691 2685 3743; x_wconf 79' lang='lat' dir='ltr'><strong>Du-</strong></span> 
     </span>
     <span class='ocr_line' id='line_1_31' title="bbox 642 3773 1953 3848; baseline 0.003 -23"><span class='ocrx_word' id='word_1_259' title='bbox 642 3781 784 3839; x_wconf 76' lang='lat' dir='ltr'><strong>pont.</strong></span> <span class='ocrx_word' id='word_1_260' title='bbox 805 3802 867 3813; x_wconf 95' lang='lat'>—</span> <span class='ocrx_word' id='word_1_261' title='bbox 887 3774 941 3840; x_wconf 78' lang='lat'><strong>2)</strong></span> <span class='ocrx_word' id='word_1_262' title='bbox 965 3773 1028 3822; x_wconf 80' lang='lat' dir='ltr'><strong>V.</strong></span> <span class='ocrx_word' id='word_1_263' title='bbox 1047 3773 1179 3839; x_wconf 79' lang='lat' dir='ltr'><strong>nup.</strong></span> <span class='ocrx_word' id='word_1_264' title='bbox 1203 3790 1256 3838; x_wconf 86' lang='lat' dir='ltr'><strong>p.</strong></span> <span class='ocrx_word' id='word_1_265' title='bbox 1275 3774 1361 3825; x_wconf 77' lang='lat'><strong>65.</strong></span> <span class='ocrx_word' id='word_1_266' title='bbox 1382 3802 1443 3813; x_wconf 93' lang='lat'><strong>--</strong></span> <span class='ocrx_word' id='word_1_267' title='bbox 1461 3775 1620 3848; x_wconf 41' lang='lat' dir='ltr'><strong>sicr.</strong></span> <span class='ocrx_word' id='word_1_268' title='bbox 1641 3777 1773 3843; x_wconf 73' lang='lat' dir='ltr'><strong>Dup.</strong></span> <span class='ocrx_word' id='word_1_269' title='bbox 1796 3795 1849 3843; x_wconf 86' lang='lat' dir='ltr'><strong>p.</strong></span> <span class='ocrx_word' id='word_1_270' title='bbox 1868 3779 1953 3829; x_wconf 76' lang='lat'><strong>0⁷.</strong></span> 
     </span>
    </p>
   </div>
   <div class='ocr_carea' id='block_1_3' title="bbox 641 3914 2681 4122">
    <p class='ocr_par' dir='ltr' id='par_1_4' title="bbox 641 3914 2681 4122">
     <span class='ocr_line' id='line_1_32' title="bbox 740 3914 2681 4011; baseline 0.006 -35"><span class='ocrx_word' id='word_1_271' title='bbox 740 3916 954 3977; x_wconf 77' lang='lat'><strong>271.·⁸·</strong></span> <span class='ocrx_word' id='word_1_272' title='bbox 990 3914 1348 3998; x_wconf 89' lang='lat' dir='ltr'><strong>Formulas,</strong></span> <span class='ocrx_word' id='word_1_273' title='bbox 1372 3926 1440 4011; x_wconf 76' lang='lat' dir='ltr'><strong>ut</strong></span> <span class='ocrx_word' id='word_1_274' title='bbox 1465 3939 1498 3982; x_wconf 89' lang='lat' dir='ltr'><strong>a</strong></span> <span class='ocrx_word' id='word_1_275' title='bbox 1524 3918 1791 3985; x_wconf 81' lang='lat' dir='ltr'><strong>Proetore</strong></span> <span class='ocrx_word' id='word_1_276' title='bbox 1819 3920 2210 4005; x_wconf 87' lang='lat' dir='ltr'><strong>compositas,</strong></span> <span class='ocrx_word' id='word_1_277' title='bbox 2243 3920 2329 3985; x_wconf 88' lang='lat' dir='ltr'><strong>sic</strong></span> <span class='ocrx_word' id='word_1_278' title='bbox 2357 3921 2438 3986; x_wconf 89' lang='lat' dir='ltr'><strong>ab</strong></span> <span class='ocrx_word' id='word_1_279' title='bbox 2458 3921 2681 3988; x_wconf 87' lang='lat' dir='ltr'><strong>eodem</strong></span> 
     </span>
     <span class='ocr_line' id='line_1_33' title="bbox 641 4024 2671 4122; baseline 0.005 -31"><span class='ocrx_word' id='word_1_280' title='bbox 641 4024 960 4091; x_wconf 88' lang='lat' dir='ltr'><strong>communi</strong></span> <span class='ocrx_word' id='word_1_281' title='bbox 996 4026 1228 4092; x_wconf 78' lang='lat' dir='ltr'><strong>civium</strong></span> <span class='ocrx_word' id='word_1_282' title='bbox 1274 4029 1415 4092; x_wconf 88' lang='lat' dir='ltr'><strong>usui</strong></span> <span class='ocrx_word' id='word_1_283' title='bbox 1455 4031 1726 4115; x_wconf 80' lang='lat' dir='ltr'><strong>vulgatas</strong></span> <span class='ocrx_word' id='word_1_284' title='bbox 1753 4054 1922 4116; x_wconf 84' lang='lat' dir='ltr'><strong>esse,</strong></span> <span class='ocrx_word' id='word_1_285' title='bbox 1964 4055 1998 4096; x_wconf 90' lang='lat' dir='ltr'><strong>c</strong></span> <span class='ocrx_word' id='word_1_286' title='bbox 2032 4032 2343 4098; x_wconf 85' lang='lat' dir='ltr'><strong>Ciceronis</strong></span> <span class='ocrx_word' id='word_1_287' title='bbox 2379 4059 2446 4122; x_wconf 84' lang='lat' dir='ltr'><strong>p.</strong></span> <span class='ocrx_word' id='word_1_288' title='bbox 2480 4033 2671 4101; x_wconf 76' lang='lat' dir='ltr'><strong>Boeo.</strong></span> 
     </span>
    </p>
   </div>
  </div>
 </body>
</html>
