3111 4829
1325 411 1573 495 (215)

447 546 678 614 reditus
712 545 965 632 Imperii
1003 564 1217 610 omnes
1252 543 1558 629 simulque
1608 551 1877 625 sumtus,
1904 552 1964 606 et
1994 539 2062 605 in
2101 533 2196 607 his
2228 546 2454 632 stipen-

447 661 546 727 dia
577 662 848 726 militum
869 670 930 723 et
957 658 1423 744 magistratuum
1446 657 1657 721 salaria
1680 675 1930 739 curans,
1960 678 1997 720 a
2029 658 2452 745 largitionibus

445 778 784 864 adpellatur
804 825 823 862 ,
851 791 974 862 quo
1010 775 1261 839 nomine
1293 775 1439 838 olim
1483 769 1550 858 5)
1575 773 1833 857 publicis
1865 774 2154 859 impensis
2192 777 2450 842 accede-

444 892 595 956 bant
630 890 1000 974 -Principum
1053 888 1183 952 sive*
1220 868 1387 952 ‘verae
1429 887 1549 950 sive
1593 898 1816 951 coactae
1866 887 2240 953 liberalitatis
2287 890 2448 959 dona

445 1005 530 1093 (§.
555 1001 1044 1091 395),postremo
1070 1012 1275 1066 autem
1288 1000 1581 1086 stipendia
1597 1023 1840 1087 quoque
1860 1011 1920 1065 et
1939 1005 2054 1068 sala
2064 1004 2149 1068 ria
2172 1026 2446 1092 compre-

439 1119 628 1184 hensa
648 1127 809 1198 sunt,
838 1137 953 1190 nee
983 1115 1164 1180 hodie
1188 1137 1428 1201 prorsus
1450 1114 1734 1180 inusitato
1764 1117 2119 1202 Principum
2145 1141 2315 1185 more
2346 1121 2442 1210 6).

441 1232 572 1296 sub
596 1231 831 1298 Comite
845 1230 1167 1294 Sacrarum
1194 1229 1613 1314 Largitionum
1633 1250 1780 1293 cum
1800 1231 1933 1294 aliis
1955 1232 2214 1297 Comites
2237 1236 2443 1322 Largi-

436 1344 677 1410 tionum
716 1366 824 1429 per
876 1365 1087 1408 omnes
1129 1341 1414 1407 dioeceses
1440 1387 1457 1423 ,
1511 1343 1619 1428 qui
1668 1341 1978 1428 impensas
2010 1367 2132 1408 suae
2180 1347 2441 1435 quisque

437 1458 763 1543 provincia>
783 1451 1078 1520 curabant
1087 1479 1105 1538 ;
1124 1455 1400 1518 Prael'ecti
1427 1452 1871 1519 Thesaurorum
1890 1503 1908 1537 ,
1940 1457 2165 1521 scilicet
2189 1462 2440 1543 provin·-

437 1571 548 1635 oiae
590 1570 900 1635 redituum
929 1616 947 1651 ,
986 1567 1212 1633 Comiti
1261 1568 1659 1632 necessariam
1704 1569 2030 1654 pecuniam
2053 1619 2071 1654 ,
2127 1573 2438 1659 reliquum

435 1685 682 1751 Praesidi
731 1684 1053 1772 provincia}
1084 1732 1103 1767 ,
1144 1682 1254 1770 qui
1287 1682 1364 1746 ad
1399 1684 1622 1747 Arcam
1660 1683 2078 1769 Largitionum
2118 1687 2436 1770 mittebat,

438 1798 780 1883 tradentes;
831 1798 1094 1863 Comites
1143 1796 1664 1862 Commerciorum
1700 1820 1809 1884 per
1872 1796 2186 1864 Orientem
2211 1847 2229 1884 ,
2276 1804 2434 1868 Moe—

436 1914 587 1978 siam
613 1963 630 1997 ,
664 1925 779 1979 ete.
804 1962 821 1997 ,
852 1914 1068 1978 Comes
1094 1913 1474 1977 Metallorum
1505 1934 1614 1997 per
1643 1913 1958 2000 Illyricum
1974 1939 1992 1998 3
2024 1917 2293 2002 Magistri
2316 1918 2433 1983 Li-b

433 2049 565 2092 neae
608 2028 843 2112 Vestis3
880 2028 1299 2091 Procuratores
1328 2025 1700 2110 Baphiorum
1722 2075 1741 2110 ,
1769 2028 2151 2092 Monetarum
2170 2078 2187 2112 ,
2222 2030 2435 2093 Linifia

432 2142 698 2224 ciorum,
714 2141 1106 2226 Bastagarum
1130 2138 1190 2228 (a
1210 2136 1525 2226 βαι-τέξει).
1551 2141 1626 2203 In
1649 2139 1925 2223 ejusdem
1953 2142 2153 2205 officio
2177 2163 2433 2227 ponun-

431 2264 532 2317 tur
580 2252 920 2316 Primicerii
964 2252 1299 2315 multorum
1345 2251 1708 2315 scriniorum
1733 2300 1751 2335 ,
1815 2252 1882 2315 in
1947 2254 2172 2339 quibus
2222 2249 2432 2319 scrinii

430 2386 764 2448 canonum,
782 2362 1241 2448 tabulariorum,
1263 2383 1461 2428 aureae
1476 2381 1705 2447 massae;
1727 2365 2165 2451 annularensis,
2191 2377 2306 2437 ete.
2335 2364 2430 2456 7).

494 2529 548 2593 1)
589 2528 666 2577 Cl'.
696 2526 819 2594 Lyd.
855 2527 922 2591 2,
961 2526 1135 2576 23-26.
1174 2550 1240 2566 --
1265 2525 1326 2591 9)
1361 2526 1436 2574 Cf.
1477 2526 1785 2590 Hegewisch.
1830 2522 1991 2578 Roem.
2045 2529 2273 2580 Fluant.
2312 2542 2426 2596 pag.

426 2620 542 2671 252.
572 2620 700 2680 -5)
720 2620 795 2669 Ad
816 2620 953 2668 huno
987 2618 1224 2667 trahenda
1255 2616 1494 2666 vocabula
1521 2620 1701 2667 evectio
1718 2654 1735 2682 ‚
1766 2618 1902 2667 velut
1934 2634 2015 2683 ap.
2050 2620 2425 2689 Symmachum,

429 2708 463 2759 ⁴
479 2746 496 2772 ,
533 2708 566 2758 6
586 2745 603 2773 ,
637 2708 688 2757 in
719 2710 988 2756 evectiones
1024 2710 1313 2770 impetrasse
1347 2723 1423 2754 me
1457 2708 1652 2779 qaudeo
1677 2742 1697 2769 ‚
1742 2711 1794 2755 et
1825 2710 2110 2774 veredarii»,
2139 2726 2168 2758 a
2208 2713 2382 2760 veredo
2405 2746 2427 2773 ‚

425 2814 571 2863 equo,
590 2798 814 2864 jumento
832 2798 929 2860 (cf.
947 2797 1069 2862 Lyd.
1087 2796 1139 2851 3,
1157 2796 1262 2859 61.)
1282 2796 1418 2844 Idem
1434 2797 1638 2860 symm„
1658 2795 1710 2859 7,
1738 2795 1817 2860 14,
1840 2814 1956 2846 cum
1975 2802 2224 2848 veredarii
2242 2802 2427 2849 deesset

425 2890 649 2951 occasio,
675 2889 875 2950 privato
902 2887 1101 2935 homini
1127 2886 1381 2934 reddenda
1418 2888 1609 2949 scripta
1645 2888 1888 2934 commisi.
1912 2912 1977 2926 -
2009 2886 2070 2949 4)
2106 2887 2168 2936 V.
2198 2888 2319 2952 Lyd.
2352 2888 2384 2937 2
2405 2926 2423 2952 ,

428 2975 490 3025 10
508 3011 524 3039 ,
541 2976 575 3024 3
593 3013 608 3039 ‚
632 2975 696 3026 ⁴0
712 2976 858 3026 etot.
884 3002 950 3015 -
969 2975 1023 3040 ὅ)
1044 2975 1119 3023 Cf.
1151 2976 1271 3023 Tac.
1293 2977 1434 3024 Arm.
1469 2974 1493 3023 1
1512 3009 1531 3039 ,
1570 2975 1650 3024 11.
1667 2975 1795 3039 —6)
1814 2976 1889 3025 Ct'.
1917 2975 2115 3025 Paneir.
2148 2977 2421 3026 Comment-

426 3081 538 3130 με.
562 3066 705 3116 1520.
723 3082 835 3130 sqq.
876 3066 1078 3130 liegew.
1116 3081 1230 3130 pag.
1257 3064 1355 3115 549
1373 3099 1390 3130 ,
1419 3065 1589 3115 But-m.
1627 3067 1690 3115 de
1722 3067 1863 3116 Vaut.
1881 3080 1977 3132 pag
2003 3067 2115 3117 115.
2135 3093 2200 3110 --
2219 3067 2274 3134 7)
2299 3068 2426 3135 Pan·-

425 3157 517 3204 cir.
557 3172 668 3222 pag.
704 3156 847 3207 1527.
882 3156 1082 3221 Hegew.
1114 3169 1228 3221 pag.
1262 3154 1377 3203 550.
1400 3171 1512 3219 sqq.

511 3326 659 3387 234.
700 3320 830 3385 Sub
881 3316 1142 3404 Comitis:
1163 3317 1399 3381 Rerum
1445 3317 1819 3383 Privatarum
1869 3340 2229 3407 cura,·quae
2269 3320 2418 3386 olim

420 3433 534 3497 sub
573 3433 861 3499 Curatore
893 3430 1249 3496 Patrimonii
1276 3477 1293 3513 ‚
1324 3429 1552 3515 privata
1592 3431 1853 3515 pecunia
1883 3431 2182 3518 Principis
2203 3482 2220 3515 ‚
2245 3456 2314 3497 ex
2342 3457 2416 3497 a-

422 3547 542 3630 gris
567 3596 584 3630 ,
612 3547 859 3612 saltibus
878 3595 895 3628 ,
934 3544 1201 3630 pascuis,
1243 3542 1529 3630 gregibus
1548 3592 1566 3626 ‚
1592 3544 1846 3629 aliisque
1888 3546 2070 3609 rebus
2093 3545 2422 3610 dominicis

420 3660 736 3725 redeuntia
770 3660 855 3748 1).
878 3661 1006 3725 Sub
1029 3658 1277 3744 ejudem
1308 3656 1692 3743 dispositione
1715 3657 1935 3723 Notitia
1961 3659 2239 3747 (Pancir.
2273 3680 2416 3746 pag.
2505 3707 2511 3717 .

424 3780 612 3842 1557.
640 3770 666 3863 )
724 3776 893 3862 ponit
951 3775 1297 3842 Rationales
1343 3774 1579 3837 Rerum
1633 3773 2004 3837 Privatarum
2030 3823 2048 3857 ,
2100 3772 2418 3858 Bastagam

419 3891 712 3976 privatam
735 3937 754 3975 ‚
779 3889 1132 3978 Praepositos
1161 3909 1421 3976 gregum
1455 3897 1515 3952 et
1541 3885 1915 3954 stabulorum
1943 3934 1960 3970 ‚
1992 3887 2417 3952 Procuratores

415 4006 719 4085 saltuum,
752 4014 811 4068 et
853 4004 1234 4071 Primicerios
1282 4004 1518 4091 plnres,
1557 4000 1727 4065 iniis
1759 4000 1967 4065 scrinii
2011 4000 2408 4088 largitionum

420 4119 804 4206 privatarum.
