3111 4829
1539 403 1790 491 (348)

653 543 726 626 ⁴?
749 538 860 587 loeo
874 536 1207 604 batuentium,
1227 542 1279 589 et
1292 538 1527 604 gallicum
1551 539 1838 596 baenilia——
1857 539 1888 589 4
1909 539 1928 607 )
1947 541 2026 590 Cf.
2047 541 2169 591 Hor.
2182 539 2293 592 Sat.
2313 538 2428 602 1‚⁷,
2448 538 2534 604 2⁰,
2548 537 2686 592 Suet.

654 629 769 681 Cat.
789 628 871 678 55.
895 657 954 666 —
984 629 1047 692 5)
1082 627 1156 677 cs.
1191 629 1326 678 suet.
1361 629 1465 691 ib„
1489 631 1633 679 um.
1655 630 1718 690 8,
1747 630 1833 680 74.
1855 660 1913 669 -
1947 632 2000 688 ο)
2031 632 2106 679 cr.
2133 631 2238 680 mv.
2260 630 2312 692 9,
2332 628 2414 679 ⁴0.
2437 629 2579 688 -7›
2622 629 2688 684 v.
2722 637 2733 648 ’

651 719 834 767 Juven.
860 718 920 781 8,
955 719 1069 767 200.
1094 735 1206 782 sqq.
1228 756 1244 783 ‚
1281 720 1415 768 Suet.
1444 720 1555 770 Cal.
1585 720 1648 768 50
1668 757 1683 784 ‚
1700 720 1812 774 Val.
1834 721 1956 778 Max.
1976 721 2025 785 1,
2045 720 2097 787 7,
2113 719 2166 770 8.
2186 747 2244 778 -7-
2267 719 2320 781 8)
2345 719 2484 775 Suet.
2505 717 2541 766 l.
2568 734 2617 770 c.
2637 723 2689 767 et

657 808 841 859 Claud.
864 808 948 858 21.
965 836 1029 847 —
1052 809 1104 876 9)
1130 809 1265 859 Suet.
1292 811 1448 859 Dom.
1473 810 1523 864 4.

748 979 899 1042 352.
947 978 1178 1063 Pompa
1221 978 1288 1041 in
1317 999 1569 1043 arenam
1598 977 1878 1062 deducti,
1908 978 2109 1065 primo
2148 974 2444 1058 rudibus,
2472 973 2696 1042 dexte—-

656 1089 897 1159 ritatem
934 1090 1320 1156 ostendentes
1346 1141 1363 1176 ,
1399 1090 1824 1177 praeludebant
1871 1088 1935 1180 1)
1956 1140 1973 1174 ‚
2013 1092 2159 1156 dein
2186 1139 2204 1175 ,
2249 1090 2400 1156 tuba
2436 1088 2690 1174 siguum

658 1203 883 1287 dante,
924 1204 1109 1274 armis
1152 1217 1462 1276 certamen
1505 1206 1777 1289 inibant,
1807 1207 1872 1275 in
1900 1227 2024 1291 quo
2053 1227 2200 1270 cum
2236 1203 2374 1276 aliis
2412 1200 2698 1267 notandas
2755 1208 2765 1218 “

660 1314 944 1402 phrases:
978 1315 1275 1401 dejicere,
1318 1341 1561 1383 movere
1599 1317 1676 1383 de
1726 1317 1920 1405 gradu
1944 1367 1962 1401 ,
2006 1329 2202 1402 statu3
2226 1328 2462 1409 pestere3
2501 1315 2689 1382 ferire

659 1431 982 1516 punctim,
1042 1430 1282 1516 caesim3
1346 1454 1560 1497 cavere
1582 1482 1599 1516 ,
1656 1435 1815 1503 latus
1878 1444 2120 1519 teget-<23
2186 1454 2357 1500 arma
2420 1429 2699 1500 submit-

573 1580 578 1588 ·
655 1555 788 1613 tere
814 1593 832 1627 ,
875 1554 990 1611 etc.
1044 1544 1387 1628 Caeterum,
1432 1545 1727 1634 spectanti
1768 1548 1997 1633 populo
2040 1548 2195 1612 mira
2244 1545 2511 1633 quadam
2550 1567 2701 1609 con·

664 1657 881 1722 stantia
910 1657 1206 1742 parebant
1230 1657 1592 1743 gladiatores
1623 1655 1710 1746 2).
1738 1661 1954 1729 Victus
1975 1672 2081 1724 aut
2098 1660 2398 1745 jugulum
2422 1658 2697 1744 porrige-

662 1769 802 1852 bat,
824 1779 930 1834 aut
950 1780 1194 1834 extensa
1212 1770 1292 1834 ad
1312 1773 1611 1856 populum
1629 1794 1845 1854 manu,
1863 1772 2018 1865 quid
2044 1774 2246 1855 vellet,
2271 1769 2652 1860 exspectabat
2677 1793 2700 1854 ;

665 1882 931 1968 populus
958 1892 1066 1946 aut
1096 1882 1401 1966 servabat,
1432 1894 1540 1947 aut
1566 1884 1764 1969 mori,
1810 1907 1934 1971 quo
1980 1884 2373 1955 referendum
2414 1882 2704 1968 pollicem

669 2017 952 2082 premere
980 2046 998 2080 ,
1032 1997 1313 2082 pollicem
1341 2008 1575 2062 vertere
1598 1987 1664 2085 3)
1693 2047 1709 2081 ,
1736 2009 1843 2064 aut
1877 2020 2150 2085 pugnam
2187 2018 2475 2062 renovare
2501 2045 2519 2079 ,
2537 1993 2707 2059 reci·

668 2132 816 2196 pere
841 2111 1075 2174 serrum
1099 2160 1116 2194 ‚
1140 2111 1434 2184 victorem
1456 2112 1641 2175 etiam
1675 2112 2046 2200 quandoque
2077 2112 2154 2178 ad
2184 2122 2443 2180 mortem
2468 2119 2706 2178 certare

669 2223 948 2307 jubebat.
975 2224 1143 2296 Inter
1161 2222 1339 2294 ludos
1367 2246 1651 2293 concessa
1676 2225 1919 2311 requies
1941 2224 2249 2292 diludium
2275 2223 2591 2289 dicebatur
2615 2218 2708 2316 4).

672 2337 900 2401 Mortui
945 2362 1052 2425 per
1103 2349 1340 2425 portam
1395 2337 1704 2401 libitinam
1753 2338 1929 2404 uncis
1984 2340 2047 2402 in
2094 2338 2448 2426 spoliarium
2505 2327 2715 2423 trahes

677 2446 907 2513 bantur
937 2446 1024 2534 5).
1058 2448 1346 2515 Victoriae
1387 2449 1647 2535 insignis
1675 2448 1871 2515 honos
1909 2452 2144 2536 palma,
2180 2474 2366 2538 quem
2402 2446 2717 2537 augebant

680 2558 873 2623 additi
898 2560 1177 2623 lemnisci
1201 2555 1302 2648 6),
1333 2558 1499 2626 unde
1525 2564 1727 2648 palma
1750 2564 2105 2635 lemniscata
2129 2562 2218 2656 7).
2246 2566 2296 2628 E
2316 2563 2460 2633 ludo
2481 2562 2720 2663 dimissi

680 2672 833 2738 rude
860 2673 1244 2739 donabantur
1269 2673 1372 2760 8),
1396 2676 1565 2741 unde
1598 2677 1853 2751 rudiarii
1877 2677 2183 2762 adpellati.

771 2787 956 2852 Ludis
984 2787 1354 2873 gladiatoriis
1387 2801 1454 2854 ut
1493 2791 1714 2879 vulgus
1747 2790 2007 2858 mirifice
2036 2786 2455 2881 delectabatur
2473 2782 2540 2874 9)
2572 2835 2589 2872 ,
2628 2784 2724 2854 sic

681 2925 717 2970 a
748 2899 1007 2965 cordatis
1036 2922 1281 2986 quoque
1311 2913 1371 2963 et
1403 2899 1662 2964 mitioris
1702 2900 1940 2989 ingenii
1969 2901 2113 2969 viris
2141 2924 2264 2966 non
2289 2924 2423 2975 raro
2448 2900 2720 2987 laudati,

687 3027 979 3102 tanquam
1018 3015 1321 3102 patientia}
1365 3024 1426 3077 et
1458 3015 1813 3083 constantiae
1848 3012 2099 3098 scholae,
2146 3013 2464 3101 iidemque
2499 3014 2575 3080 ad
2606 3039 2726 3081 ar-

683 3153 929 3195 morum
955 3151 1136 3194 usum
1167 3140 1227 3199 et
1253 3128 1538 3192 bellicam
1574 3127 1863 3192 virtutem
1902 3127 2254 3216 augendam
2288 3129 2496 3211 utiles3
2529 3131 2717 3217 longe

691 3245 865 3309 aliter
891 3266 1000 3306 nos
1024 3291 1040 3324 ,
1080 3240 1500 3306 diversissimis
1532 3241 1610 3306 ab
1633 3242 2060 3306 Romanorum
2084 3241 2360 3309 moribus
2390 3254 2573 3330 atque
2610 3246 2728 3308 in—

687 3357 942 3439 stitutis,
988 3356 1362 3441 judicamus,
1409 3356 1532 3449 Ipsi
1578 3367 1787 3423 autem
1839 3356 2200 3442 gladiatores
2224 3407 2242 3440 ,
2292 3355 2537 3444 pessimi
2593 3357 2728 3422 fere

689 3474 911 3557 moris,
935 3484 1032 3555 et,
1062 3469 1361 3535 suadente
1389 3481 1549 3557 arte,
1582 3469 1979 3552 ferocissimi,
2018 3468 2182 3556 apud
2211 3470 2521 3535 Romanos
2568 3492 2727 3555 quo-

690 3612 812 3676 que
841 3610 964 3652 non
1015 3597 1142 3650 tam
1186 3587 1328 3651 viles
1372 3609 1563 3674 quam
1616 3585 1878 3654 infames
1927 3597 1987 3649 et
2031 3583 2368 3648 latronibus
2409 3582 2726 3668 propiores

689 3701 1078 3771 habebantur
1114 3697 1220 3787 10)
1249 3724 1265 3784 3
1296 3698 1910 3792 undeturpissimum
1934 3720 2059 3765 non
2099 3695 2327 3767 infimae
2357 3693 2729 3767 conditionis

688 3814 1046 3887 hominibus
1075 3815 1234 3878 inter
1263 3837 1363 3884 eos
1388 3813 1643 3902 reperiri
1676 3809 1805 3905 11).
2120 3800 2123 3805 ⁴

727 3996 732 3999 Ἴ
755 3998 806 4060 1)
831 3998 905 4047 cr.
925 3999 1030 4047 cic.
1050 4000 1112 4048 aa
1131 4000 1276 4049 owe.
1292 3999 1344 4065 s,
1359 3997 1446 4061 78,
1471 3999 1592 4046 sen.
1614 3974 1770 4062 E'pJ
1792 4003 1844 4047 et
1862 3995 2128 4060 117,ovid.
2154 3995 2304 4045 A.A.
2324 3995 2358 4044 5
2375 4032 2391 4059 ,
2411 3960 2510 4045 ms
2530 3995 2715 4060 emas,

685 4086 824 4150 Vix-g.
845 4087 966 4143 AEn.
988 4088 1040 4153 5,
1060 4086 1156 4137 ⁴26
1176 4102 1288 4149 sqq.
1330 4115 1392 4125 —
1426 4087 1479 4152 2)
1498 4086 1603 4144 Cic.
1634 4086 1791 4141 Tunc,
1809 4086 1869 4151 ἢ,
1904 4084 1994 4150 17,
2019 4085 2370 4151 Gladiatores,
2406 4092 2502 4136 aue
2523 4087 2728 4150 perd&
