3111 4829
1325 383 1574 470 (119)

539 529 688 595 134.
735 521 943 607 Tantas
993 545 1171 609 porro
1208 533 1456 608 tamque
1501 520 1768 607 vulgaris
1808 524 2175 608 paupertatis
2209 535 2271 589 et
2320 520 2456 591 alioe

444 663 643 707 causae
665 690 683 725 ,
729 652 802 707 ut
837 622 1139 725 enormis,
1175 659 1314 727 quoe
1348 648 1483 702 tum
1519 646 1679 719 erat,
1736 658 1953 721 usura3
1999 638 2104 702 sed
2151 641 2459 728 praecipua

443 756 662 820 merito
684 756 1058 820 existimatur
1078 776 1223 841 ager
1240 774 1386 818 cum
1405 753 1671 840 privatus
1691 763 1825 816 tum
1853 752 2139 838 publicus
2157 755 2459 839 paulatim

441 870 512 935 in
542 870 821 956 patricios
859 869 1060 933 omnis
1085 868 1408 933 translatus
1446 864 1536 954 1).
1578 864 1649 929 Id
1679 876 1889 929 autem
1918 865 2225 951 quomodo
2261 869 2460 952 primo

445 984 701 1049 civitatis
723 995 994 1070 tempore
1016 1032 1034 1066 ‚
1068 980 1375 1069 quomodo
1413 981 1599 1045 etiam
1616 1028 1633 1062 ,
1663 989 1909 1066 potente
1932 978 2065 1064 jam
2084 980 2264 1066 plebe
2286 1031 2305 1065 ‚
2325 981 2462 1046 fieri

447 1098 755 1185 potuerit,
795 1097 1095 1161 rationem
1144 1093 1314 1159 haud
1360 1092 1623 1158 absurde
1670 1093 1736 1157 in
1768 1116 1872 1178 ea,
1927 1116 2114 1180 quam
2155 1094 2418 1161 diximus
2444 1148 2462 1181 ‚

450 1234 652 1277 usurae
689 1211 1087 1291 enormitate,
1130 1209 1321 1294 inque
1364 1207 1606 1270 biennii
1654 1206 1722 1269 in
1760 1205 1970 1271 fundis
2016 1209 2497 1294 praescriptione

447 1323 477 1415 (
502 1330 564 1413 §.
602 1326 748 1388 100.
766 1320 790 1404 )
809 1323 1084 1387 invenias
1108 1345 1127 1406 ;
1168 1319 1271 1385 sed
1298 1320 1594 1407 primaria
1616 1320 1682 1382 in
1710 1316 2134 1406 antiquissimo
2160 1322 2323 1386 inter
2351 1346 2465 1409 pa-

444 1437 650 1502 tricios
678 1448 739 1500 et
777 1434 1049 1522 plebejos
1099 1433 1260 1519 juris
1300 1455 1505 1516 nexu,
1558 1431 1765 1519 quoad
1814 1432 1995 1496 fundi
2019 1482 2038 1516 ‚
2088 1455 2236 1499 cum
2266 1440 2468 1503 omnis

448 1562 585 1615 tum
617 1551 750 1638 agri
798 1549 1032 1636 publici
1058 1598 1077 1632 ‚
1122 1547 1471 1613 dominium
1528 1546 1878 1635 quaerenda.
1914 1548 2057 1629 Qua
2105 1550 2171 1613 in
2231 1573 2295 1614 re
2315 1602 2332 1634 ,
2397 1565 2468 1617 ut

448 1666 671 1751 passim
698 1664 768 1727 in
794 1663 1212 1728 vetustissimis
1233 1665 1655 1728 Romanorum
1670 1662 1990 1746 institutis,
2021 1684 2176 1728 nova
2205 1669 2461 1750 protulit

447 1779 708 1866 insignis
735 1776 1062 1843 Niebuhrii
1096 1777 1388 1863 sagacitas
1411 1772 1500 1862 2).

539 1891 843 1956 Caeterum
862 1939 881 1975 ‚
919 1890 1091 1978 plebs
1141 1913 1289 1977 agro
1337 1901 1514 1955 exuta
1567 1890 1950 1955 occasionem
2006 1890 2176 1956 dedit
2231 1894 2471 1979 legibus

443 2005 698 2091 agrariis
719 2054 738 2089 ,
771 2005 1085 2069 acerrima}
1108 2016 1169 2068 et
1192 2005 1411 2090 saepius
1440 2004 1714 2088 repetitae
1737 2004 2148 2068 contentionis
2172 2005 2349 2069 initio
2374 2004 2469 2094 3).

448 2118 654 2183 Prima
696 2119 815 2183 fuit
848 2117 1268 2182 Tribunorum
1304 2117 1507 2181 Plebis
1557 2116 1624 2181 G.
1659 2117 1883 2181 Licinii
1922 2128 1984 2180 et
2026 2117 2093 2182 L.
2140 2118 2330 2181 Sextii
2362 2116 2468 2206 (a.

451 2232 604 2296 377.
630 2228 656 2318 )
684 2280 702 2314 ,
743 2230 822 2294 de
851 2230 1037 2294 modo
1073 2279 1091 2313 ‚
1145 2240 1215 2293 ut
1268 2229 1525 2319 Livius(
1557 2229 1689 2310 VI,
1738 2226 1893 2316 35.)
1937 2229 2064 2312 ait,
2115 2251 2427 2318 agrorum
2454 2278 2474 2313 ,

448 2332 659 2410 vetans
683 2392 700 2429 ‚
724 2366 805 2408 m
846 2347 997 2433 quie
1024 2344 1189 2432 plus
1227 2345 1585 2431 quinqenta
1604 2343 1862 2430 juqera
1898 2346 2057 2430 aqri
2089 2342 2471 2430 possideret.

451 2459 610 2540 Quae
631 2460 724 2523 lex
742 2458 970 2542 abipso
1000 2457 1237 2521 Licinio
1261 2456 1481 2520 violata
1509 2452 1616 2542 4),
1643 2476 1781 2519 mox
1815 2456 2014 2537 elusa3
2038 2441 2337 2541 postremo
2364 2456 2479 2522 diu

448 2572 803 2658 neglectam
826 2570 1133 2635 revocavit
1147 2568 1427 2633 Tiberius
1447 2567 1808 2658 Gracchus(
1826 2591 1882 2633 a.
1912 2568 2064 2633 621.
2081 2567 2129 2657 ),
2147 2571 2487 2657 quingenta

453 2686 574 2752 civi
595 2706 854 2771 Jugera,
894 2684 963 2748 in
989 2682 1148 2748 filios
1176 2683 1362 2747 etiam
1393 2682 1666 2768 singulos
1688 2680 1955 2748 ducenta
1984 2682 2437 2770 quinquaginta
2467 2734 2485 2768 ,

454 2810 517 2864 et
545 2799 815 2885 pretium
836 2796 988 2861 adeo
1018 2797 1204 2882 partis
1242 2795 1588 2860 adimendae
1609 2793 1875 2859 dominis
1897 2794 2261 2861 concedens.
2294 2798 2486 2884 Leges

455 2912 690 2976 Licinia
708 2921 770 2975 et
787 2911 1148 2996 Sempronia
1173 2908 1253 2973 ad
1281 2921 1588 2995 agrumne
1615 2909 1872 2973 omnino
1897 2958 1915 2992 ‚
1955 2932 2038 2975 an
2060 2959 2078 2993 ‚
2100 2911 2247 2996 'quae
2274 2933 2489 2975 recen-

453 3026 828 3090 tissimorum
855 3024 1248 3112 quorundam
1285 3024 1588 3088 sententia
1611 3072 1627 3105 ,
1672 3022 1750 3088 ad
1793 3023 2117 3110 publicum
2155 3024 2340 3089 modo
2368 3026 2489 3089 sint

458 3135 793 3202 referendae
818 3185 836 3220 ,
879 3136 1242 3222 comparatis
1279 3136 1586 3221 primariis
1629 3135 1706 3199 de
1742 3157 1816 3200 ea
1873 3158 1941 3200 re
1990 3147 2271 3202 veterum
2315 3139 2490 3202 testi-

457 3250 679 3315 moniis
698 3299 717 3335 ,
747 3248 1029 3314 nondum
1058 3246 1291 3336 liquide
1321 3247 1675 3334 expeditum
1705 3248 1942 3314 diceres
1986 3246 2078 3337 5).
2109 3251 2380 3317 Diversae
2408 3251 2489 3317 ab

456 3364 579 3428 iltis
602 3412 619 3447 ,
657 3386 797 3452 quoe
820 3373 1112 3450 praeterea
1137 3363 1306 3448 leges
1326 3361 1583 3448 agrariae
1602 3373 2028 3428 memorantur
2052 3411 2071 3446 ,
2095 3373 2168 3429 ut
2188 3365 2490 3430 Flaminia

461 3477 543 3566 (a
573 3475 779 3567 522.)
806 3477 884 3541 de
911 3499 1059 3564 agro
1089 3475 1318 3541 Piceno
1343 3473 1447 3565 6),
1472 3477 1674 3541 Flavia
1705 3475 1729 3567 (
1756 3500 1814 3543 a.
1842 3479 1994 3543 695.
2022 3473 2048 3564 )
2072 3523 2099 3553 ,
2125 3478 2281 3542 aliae.

530 3637 579 3702 1)
614 3638 691 3686 Cf.
726 3638 902 3688 Vertot
942 3639 1085 3687 Hn'st.
1108 3640 1195 3687 dos
1222 3638 1396 3688 Revol.
1441 3666 1503 3675 —
1524 3640 1588 3687 de
1610 3640 1662 3688 la
1690 3639 1822 3703 Rop.
1861 3637 2015 3688 Rom.
2055 3639 2142 3687 liv.
2161 3638 2215 3687 ⁷.
2248 3664 2315 3677 -
2335 3638 2390 3705 2)
2414 3641 2494 3693 ef.

463 3727 676 3791 Appian.
701 3730 764 3777 de
787 3729 852 3778 B.
877 3728 935 3779 C.
963 3728 987 3777 1
1014 3766 1031 3790 r
1049 3728 1112 3793 ⁷,
1131 3728 1274 3778 Nieb.
1293 3746 1343 3776 v.
1366 3729 1415 3777 1.
1439 3744 1493 3792 p.
1516 3727 1612 3778 116
1637 3734 1688 3778 et
1714 3728 1829 3778 450.
1851 3762 1870 3791 ‚
1892 3744 1941 3776 v.
1965 3728 2018 3777 2.
2041 3745 2097 3792 p.
2122 3729 2238 3778 550.
2263 3756 2327 3768 -—
2345 3730 2399 3796 ὅ)
2422 3732 2492 3781 De

460 3818 645 3880 quibus
666 3833 783 3866 eum
801 3818 910 3867 aliis
929 3817 1100 3870 multis
1121 3818 1233 3868 vide
1254 3819 1420 3882 Sigon.
1445 3820 1507 3867 do
1521 3820 1590 3868 A.
1609 3818 1665 3867 J.
1693 3819 1763 3868 It.
1778 3819 1840 3882 2,
1865 3819 1897 3866 2
1916 3855 1932 3882 ,
1950 3819 2120 3884 Heyne
2142 3836 2318 3884 opusc.
2341 3825 2491 3871 acad.

458 3907 583 3972 ’.4,
602 3907 796 3958 Ver-tot..
815 3909 956 3958 ΗΜ.
973 3911 1059 3958 du
1074 3910 1249 3960 Revot.
1263 3910 1424 3959 —1iv.
1447 3909 1540 3958 7-9
1559 3946 1577 3972 ,
1599 3908 1743 3958 Nieb.
1763 3925 1813 3957 v.
1840 3908 1892 3956 2.
1914 3925 1968 3974 p.
1985 3908 2100 3959 549.
2122 3911 2368 3975 sqq—4)
2384 3911 2490 3961 Liv.

458 3995 493 4044 '7
514 4032 531 4057 ‚
549 3996 630 4046 16.
654 4025 716 4036 —
742 3996 797 4062 5)
823 3997 1059 4046 Indicatis
1092 3998 1217 4047 Livii
1251 4003 1303 4047 et
1324 3998 1537 4062 Appiani
1571 3998 1694 4047 locis
1736 3997 1863 4046 adde
1881 3998 2205 4049 Plutarchum
2228 4001 2280 4049 in
2301 4001 2496 4050 chme
2539 3991 2544 4002 ¹

460 4084 523 4133 C.
551 4086 794 4137 Gracc-105³
809 4103 862 4152 p.
883 4086 999 4137 827.
1038 4088 1139 4151 Ego
1163 4089 1354 4138 Livium
1373 4094 1425 4138 et
1445 4088 1622 4138 melius
1637 4126 1652 4155 ‚
1677 4104 1828 4154 quam
1865 4105 1999 4139 nunc
2032 4107 2317 4155 quenquam
2359 4107 2493 4140 mor-
