3111 4829
1283 401 1536 482 (³45)

393 558 638 601 morum
669 536 927 601 deorum
963 532 1272 600 sacrificiis
1300 552 1410 617 per
1445 531 1655 615 plures
1682 528 1849 615 dies,
1878 532 2195 599 nocturnis
2223 533 2407 601 etiam

390 651 949 737 pervigilationibus
971 698 988 733 ‚
1027 647 1333 734 imprimis
1358 668 1499 711 vero
1531 646 1597 709 in
1629 645 1927 732 Apollinis
1953 659 2014 712 et
2044 649 2257 715 Dianae
2298 650 2405 740 (§.

397 761 597 850 322.)
631 762 928 828 honorem
975 761 1266 826 celebrati
1301 758 1389 850 4).
1431 759 1946 827 Extraordinarios
1986 774 2193 828 autem
2235 764 2409 829 ludos

389 875 719 962 antiquarii
743 897 887 940 cum
912 875 1239 961 generibus
1262 884 1396 949 tum
1425 875 1573 938 alias
1600 873 2027 963 distinguunt,
2058 879 2285 943 votivos
2298 878 2370 966 5)
2384 920 2409 961 ,

394 986 815 1073 imperativus,
845 977 1122 1050 lustrales
1155 981 1259 1073 6),
1297 983 1625 1071 funebres,
1662 986 1829 1053 alios.

462 1139 514 1210 1)
537 1146 615 1195 Cf.
639 1148 757 1195 Tuo.
780 1147 925 1196 Anu.
947 1146 1010 1196 14
1027 1182 1042 1210 ,
1063 1146 1146 1195 90.
1168 1173 1230 1183 -
1249 1145 1301 1210 2)
1330 1145 1405 1195 Cl'.
1431 1145 1567 1195 Suet.
1592 1143 1777 1197 Οἰαυᾶ.
1794 1147 1851 1198 21
1874 1184 1889 1212 ‚
1912 1147 2095 1198 Herod.
2114 1143 2166 1213 3,
2190 1149 2241 1215 8,
2266 1148 2415 1200 Ovi&

399 1234 562 1285 Tn'ct.
586 1237 624 1285 l.
648 1237 708 1300 2,
731 1252 782 1284 v.
807 1236 899 1298 25,
924 1235 1045 1284 lior.
1071 1236 1129 1286 C.
1152 1234 1209 1285 S.
1232 1250 1285 1284 v.
1306 1235 1388 1284 25.
1410 1234 1547 1299 ——3)
1575 1235 1650 1284 Cf.
1673 1236 1784 1285 an.
1808 1236 1934 1285 Iu.
1952 1238 2015 1303 2,
2038 1238 2102 1302 45
2122 1238 2314 1305 15.-4)
2333 1239 2419 1289 (Ξῖ.

394 1321 505 1372 val.
526 1326 648 1373 Max.
665 1323 883 1388 ,Hei-od.
900 1357 916 1389 ‚
950 1326 1070 1374 Hor.
1092 1325 1132 1373 1.
1158 1340 1207 1373 c.
1223 1361 1239 1390 ,
1261 1325 1440 1374 zosim.
1461 1326 1501 1375 1.
1522 1326 1574 1374 2.
1599 1341 1648 1374 ο.
1669 1325 1724 1376 5.
1747 1352 1805 1366 -
1826 1324 1889 1387 5)
1910 1325 1989 1375 Cf.
2010 1327 2146 1378 Suet.
2171 1330 2313 1394 Anq-
2335 1331 2424 1381 4³.

395 1441 454 1451 —
476 1414 528 1476 6)
553 1410 627 1463 Cf.
651 1415 770 1463 Tae.
793 1413 936 1464 Ann-
963 1414 1055 1479 16,
1074 1404 1124 1463 4.

481 1535 632 1595 348.
682 1531 818 1594 Alia
845 1520 1153 1593 divisionis
1181 1528 1414 1593 ratione
1441 1525 1576 1591 ludi
1607 1525 1967 1592 dividuntur
1994 1529 2059 1593 in
2088 1530 2419 1617 circenseS,

393 1639 775 1733 gladiatorios
807 1652 867 1708 et
907 1643 1192 1707 scenicos.
1232 1641 1545 1707 Circenses
1587 1665 1622 1707 a
1664 1642 1827 1706 circo
1863 1641 2170 1727 adpellati.
2207 1635 2423 1710 Circus

391 1756 723 1822 aedificium
754 1757 1177 1843 longissimum
1201 1802 1219 1838 ,
1257 1756 1491 1817 minori.
1525 1754 1851 1819 latitudine
1874 1802 1892 1838 ,
1939 1767 2209 1822 extrema
2246 1771 2420 1843 parte

398 1894 523 1938 una
566 1863 666 1939 vel
706 1885 1000 1959 utraque,
1032 1870 1199 1935 unde
1232 1891 1458 1934 nomen
1494 1917 1512 1953 ,
1550 1859 1881 1934 incurvum
1905 1919 1923 1954 ,
1971 1893 2080 1956 per
2109 1872 2420 1939 interme-

396 1988 571 2055 dium
611 1988 909 2074 spatium,
938 1995 1257 2071 apertum,
1291 1983 1544 2069 planitie
1584 1974 1827 2074 (spina)
1872 1978 1939 2047 in
1968 1979 2421 2071 longitudinem

394 2114 674 2183 extensa,
723 2099 963 2166 modice
1013 2098 1363 2181 eminente,
1418 2097 1480 2159 et
1526 2095 1839 2180 obeliscis,
1885 2098 2005 2161 aris
2032 2145 2050 2179 ,
2096 2096 2415 2183 oediculi's,

398 2213 639 2294 statuis,
667 2211 924 2296 aliisque
952 2232 987 2273 e
1016 2210 1273 2273 deorum
1303 2219 1362 2273 et
1390 2207 1656 2273 heroum
1684 2211 1857 2273 cultu
1884 2222 2094 2276 ornata
2111 2260 2129 2295 ,
2160 2211 2426 2299 quibus,

399 2337 471 2390 ut
501 2318 667 2406 Soli,
696 2315 1006 2408 Apollini,
1035 2315 1312 2409 Cybelae,
1337 2321 1681 2386 Castoribus
1700 2371 1717 2406 ,
1747 2322 1947 2387 circus
1983 2322 2239 2410 ludique
2267 2330 2427 2391 sacri

403 2449 598 2505 erant.
646 2437 741 2503 Ad
787 2448 1118 2502 extremam
1149 2437 1336 2523 spinae
1385 2438 1639 2502 alteram
1682 2439 1778 2501 vel
1822 2447 2149 2523 utramque
2185 2451 2424 2524 partem

403 2560 584 2617 metae
618 2549 723 2639 1),
764 2551 1001 2615 circum
1035 2572 1185 2637 quas
1228 2546 1374 2636 equi
1419 2566 1764 2636 currusque
1808 2550 2193 2643 agebantur,
2236 2575 2431 2641 prope

403 2677 632 2731 metam
661 2663 805 2749 ova'3
837 2663 915 2728 ab
943 2656 1130 2729 altera
1158 2654 1402 2727 oedi'ficii
1431 2674 1604 2748 parte
1630 2680 1906 2727 carceres
1934 2664 2208 2750 utrisque
2242 2668 2430 2732 emit-

403 2778 623 2846 tendis,
655 2779 911 2843 Initium
934 2801 1149 2843 cursus
1175 2776 1427 2865 quidam
1448 2777 1680 2842 lineam
1706 2774 1932 2867 (creta,
1958 2772 2130 2866 calx)
2156 2780 2391 2844 faciunt
2411 2829 2432 2864 ,

407 2910 667 2981 eamque
696 2904 836 2957 ante
858 2910 1130 2957 carceres
1159 2891 1440 2973 ductam,
1464 2887 1603 2976 alii,
1632 2886 1889 2974 rectius,
1914 2903 2060 2977 puto
2078 2940 2098 2976 ‚
2121 2891 2310 2957 finem
2335 2891 2429 2982 2).

413 3006 511 3070 Ad
537 3007 837 3071 ambitum
882 3006 1030 3069 circi
1065 3002 1217 3070 fossa
1249 2996 1617 3093 (euripus);
1646 3000 1775 3091 i'pse
1803 3006 2068 3090 pilarum
2108 3005 2437 3070 ordinibus

412 3119 651 3186 duobus
673 3119 1024 3205 pluribusve
1055 3121 1174 3184 alte
1197 3129 1533 3182 exstructus
1553 3166 1572 3201 ,
1603 3118 1827 3203 quibus
1854 3115 2113 3181 interius
2141 3118 2435 3183 niteban-

411 3246 514 3299 tur
546 3232 755 3298 sedilia
801 3232 1253 3318 spectatoribus.
1283 3232 1554 3317 Propriis
1579 3230 1935 3295 nominibus
1959 3229 2439 3319 distinguuntur

412 3347 785 3415 Maeuianum
807 3354 868 3411 et
891 3341 1189 3430 Podium3
1221 3340 1387 3410 unde
1417 3345 1495 3410 ad
1527 3338 1782 3432 podium
1814 3353 2083 3431 spectare
2112 3342 2203 3434 3).

492 3536 542 3602 1)
568 3536 785 3586 emtor.
808 3533 1313 3599 od.1‚1‚4‚sut.
1335 3534 1477 3598 Sylo.
1500 3525 1658 3598 6,7,
1683 3532 1768 3583 2³.
1792 3532 1924 3594 -ἢ
1955 3530 2113 3582 Varro
2134 3532 2368 3598 tp.Non.
2391 3534 2448 3583 in

424 3626 536 3674 calx
558 3642 579 3674 .-
604 3625 820 3676 Neum'm'
832 3625 1048 3688 fortuna
1070 3640 1281 3673 currum
1303 3640 1337 3673 a
1365 3638 1562 3673 carcere
1593 3625 1775 3671 intimo
1800 3621 1871 3687 (2)
1904 3625 2116 3671 missum
2140 3623 2451 3688 inoffensum

425 3730 523 3779 per
542 3729 715 3779 σφων
732 3716 1015 3765 condalium
1035 3716 1106 3762 od
1125 3715 1308 3762 calcem
1332 3716 1475 3763 sinit.
1498 3711 1575 3763 Cf.
1595 3711 1700 3761 Cic.
1723 3712 1780 3763 T
1775 3729 1886 3762 unc.
1906 3712 1930 3762 1
1949 3749 1965 3777 ,
1981 3712 2013 3761 8
2032 3749 2048 3777 ,
2071 3712 2187 3763 Seu.
2202 3713 2318 3778 Ep.
2338 3714 2453 3764 108.

432 3829 494 3841 -
515 3802 569 3869 3)
593 3802 775 3854 Juven.
797 3804 861 3869 2,
885 3801 1003 3855 1⁴7.
1025 3802 1100 3853 Cf.
1122 3801 1253 3853 Ptin.
1278 3801 1341 3852 57
1360 3839 1377 3869 ,
1400 3801 1464 3871 3,
1488 3803 1624 3853 Suet.
1648 3802 1823 3867 Nero,
1847 3802 1929 3853 12.

528 3972 677 4036 349.
725 3970 800 4036 In
845 3971 1007 4037 ludis
1050 3969 1426 4037 circensibus
1461 3967 1526 4058 1)
1559 3981 1873 4057 ponuntur
1909 3967 2043 4035 haec
2074 3971 2452 4039 certamina:

437 4107 651 4151 cursus
678 4097 992 4173 equester,
1021 4088 1195 4175 isque
1230 4096 1338 4154 aut
1363 4107 1523 4174 equo
1560 4095 1670 4152 aut
1704 4108 1893 4152 curru
1918 4131 1935 4169 ,
1965 4082 2160 4170 bigis,
2202 4086 2460 4173 quadri-

2054 4196 2134 4256 44
