3111 4829
1328 431 1509 517 (-101
1552 428 1581 514 )

445 563 626 630 citius
664 564 973 647 crederes,
1004 585 1219 630 eorum
1245 565 1314 628 in
1358 563 1552 628 libera
1594 562 1833 629 civitate
1866 564 2114 628 intuens
2139 560 2454 629 conditio-

444 684 633 743 nem..
658 679 982 743 Duriorem
1043 678 1211 744 enim
1260 677 1420 743 ha‘nc
1462 678 1647 742 fuisse
1669 726 1686 760 ,
1742 699 1814 743 eo
1859 676 2237 763 colligimus,
2283 676 2451 763 quod

449 811 606 875 saepe
647 791 1115 876 magistratuum
1143 790 1402 855 arbitrie
1433 792 1708 877 expulsos
1734 813 1860 855 esse
1897 801 2128 856 constat
2166 790 2266 878 3).
2302 790 2448 855 (1αὲ-

444 909 680 986 terum',
712 904 778 968 in
806 903 965 990 juris
1000 904 1464 990 peregrinorum
1493 906 1727 970 ratione
1767 925 1911 968 cum
1938 904 2074 969 aliis
2093 902 2225 968 hoec
2246 915 2448 969 notata
2492 902 2519 921 ⁰

443 1016 801 1101 reperimus.
832 1016 1094 1102 Proprie
1126 1000 1483 1098 Quiritibus
1524 1008 1667 1100 jure
1711 1015 1979 1100 exclusi,
2030 1016 2105 1078 iis
2162 1015 2446 1080 omnibus
2489 1034 2490 1037 ’

442 1129 761 1212 carebant,
800 1149 939 1215 quae
967 1127 1084 1193 hoc
1119 1129 1348 1214 privata
1388 1139 1449 1193 et
1470 1129 1730 1214 'publica
1754 1129 2318 1213 jura'continentur
2352 1132 2445 1216 (δ.
2554 1168 2558 1171 -

444 1244 548 1306 70.
569 1239 634 1329 ),
664 1243 784 1307 illis
813 1253 1022 1307 contra
1046 1243 1352 1327 fruentes,
1381 1264 1519 1331 quae
1535 1243 1696 1326 juris
1718 1244 1998 1329 gentium
2021 1241 2312 1306 dicuntur
2343 1240 2444 1329 4).

428 1355 637 1440 ,Igitur
672 1377 789 1420 nec
815 1355 1130 1442 suffragii,
1161 1377 1277 1420 nec
1305 1354 1610 1420 honorum
1642 1357 1996 1440 participes,
2025 1376 2141 1420 nec
2170 1354 2447 1419 libertate

439 1468 778 1549 Quiritium
808 1492 846 1534 a
874 1469 1080 1556 flagris
1103 1469 1410 1555 virgisque
1440 1469 1559 1533 tuti
1587 1480 1761 1532 erant
1779 1517 1796 1551 ,
1825 1491 1941 1533 nec
1961 1467 2270 1535 connubio
2298 1488 2444 1531 cum
2486 1485 2493 1492 ·

437 1581 670 1646 civibus
692 1582 1018 1663 Romanis,
1050 1603 1166 1646 nec
1193 1582 1388 1667 patria
1424 1603 1638 1646 eorum
1677 1584 1999 1666 potestate,
2027 1602 2143 1644 nec
2173 1579 2444 1643 dominio

437 1694 776 1779 quiritatio,
797 1695 968 1760 velut
987 1695 1293 1781 mancipio
1314 1707 1421 1759 aut
1442 1694 1814 1780 usucapione
1837 1693 1922 1783 (§.
1943 1689 2103 1781 99.)‚
2123 1715 2239 1757 nec
2248 1704 2442 1757 testa-

436 1810 627 1872 menti
660 1808 807 1893 jnre
843 1808 1243 1895 gandebant,
1262 1820 1323 1873 et
1360 1830 1499 1874 vero
1541 1808 1938 1873 morientium
1987 1807 2148 1873 bona
2189 1809 2285 1872 vel
2331 1827 2443 1893 pa-

433 1930 647 1996 trono,
677 1923 811 2005 vel,
852 1922 903 1984 si
936 1920 1199 2005 deesset,
1237 1921 1381 1986 fisco
1410 1921 1687 2005 cessisse,
1724 1919 1903 1985 docet
1931 1920 2299 1985 Heineccius
2331 1916 2434 2007 5).
2506 1911 2509 1921 ’

433 2033 627 2098 lidem
670 2036 930 2121 propriae
971 2037 1154 2101 etiam
1191 2036 1606 2122 jurisdictioni
1669 2034 1766 2123 (§·
1808 2031 1981 2120 190)
2027 2034 2325 2118 subjecti,
2370 2034 2439 2096 in

431 2147 584 2214 urbe
604 2198 622 2234 ,
669 2162 739 2215 ut
774 2173 885 2236 par
924 2161 1081 2235 erat,
1111 2151 1355 2214 nonnisi
1389 2151 1637 2236 publica
1664 2149 1874 2231 venia,
1913 2159 1974 2213 et
2011 2150 2282 2235 precario
2303 2197 2320 2231 ,
2363 2169 2435 2212 ac
2506 2140 2509 2147 ⁴

430 2282 586 2348 saepe
608 2311 626 2345 ‚
659 2274 730 2327 ut
769 2284 913 2327 sane
949 2260 1280 2328 Heineccio
1306 2260 1582 2344 videtur,
1620 2262 1735 2326 sub
1773 2261 1920 2324 civis
1946 2261 2207 2344 alicujus
2230 2252 2447 2346 patro-⁶.

428 2374 592 2439 cinio
642 2374 957 2456 vivebant,
1006 2374 1274 2463 denique
1303 2426 1320 2461 ,
1376 2386 1516 2463 toga
1562 2375 1637 2439 iis
1683 2372 1999 2439 interdicta
2047 2369 2180 2461 6),
2223 2372 2434 2438 habitu

425 2477 611 2554 etiami
633 2536 651 2571 ,
682 2499 777 2572 et,
807 2489 1291 2575 praenominibus
1317 2500 1594 2555 carentes
1613 2537 1632 2573 ,
1661 2499 1956 2576 tanquam
1985 2488 2251 2554 nominis
2280 2486 2432 2552 adeo

418 2601 564 2686 jure
606 2597 684 2688 7)
725 2624 760 2665 a
798 2601 1032 2667 civibus
1071 2600 1597 2668 discernebantur.
1623 2603 1899 2676 ‘Civitate
1941 2614 2149 2667 autem
2193 2601 2431 2688 donati,

421 2716 524 2780 cui
560 2714 678 2781 hoc
704 2716 1079 2781 beneficium
1117 2715 1442 2800 deberent,
1484 2716 1621 2801 ejus
1652 2716 1904 2781 nomina
1944 2715 2220 2801 accipere
2261 2716 2433 2780 sole-

420 2829 585 2895 bant.
619 2831 765 2897 Haec
797 2831 1098 2898 universe.
1138 2829 1300 2915 Sed,
1348 2853 1545 2919 quum
1579 2830 1893 2917 peregrini
1921 2830 2109 2894 etiam
2148 2828 2431 2896 dicantur

420 2942 566 3006 socii
587 2953 649 3007 et
677 2942 744 3006 in
763 2942 839 3006 iis
859 2943 1089 3027 Latini,
1118 2944 1391 3029 exceptio
1412 2943 1530 3009 hoc
1551 2945 1805 3008 nomine
1829 2942 2110 3009 facienda
2131 2966 2168 3008 a
2187 2945 2434 3030 proprio
2511 2977 2514 2980 >

420 3055 806 3141 singulorum
826 3076 973 3120 cnm
993 3056 1219 3142 populo
1239 3057 1522 3121 Romano
1546 3056 1708 3140 juris
1736 3079 1897 3122 nexu
1917 3055 2161 3142 pendet.
2195 3057 2432 3123 Verum

423 3165 749 3237 universim
779 3188 1025 3255 quoque
1061 3167 1331 3233 conditio
1350 3169 1838 3254 peregrinorum
1872 3190 2020 3234 cum
2046 3167 2307 3233 durante
2329 3191 2428 3232 re·-
2516 3184 2519 3192 ’

420 3278 694 3364 publica,
722 3291 860 3346 tum
895 3280 1178 3366 inprimis
1213 3279 1329 3350 sub
1369 3280 1705 3346 Caesaribus
1730 3277 1807 3368 8)
1835 3282 2051 3346 melior
2073 3282 2266 3365 facta3
2299 3281 2431 3345 sin-

415 3395 574 3481 gulis
602 3417 848 3482 quoque
876 3396 971 3460 vel
996 3395 1207 3480 populi
1250 3397 1345 3459 vel
1375 3406 1618 3462 senatus
1659 3395 1961 3461 beneficio
1995 3397 2091 3461 vel
2132 3396 2432 3483 Principis

415 3506 795 3596 benignitate
828 3509 972 3595 jura
1002 3507 1285 3596 quasdam
1322 3509 1553 3604 civium
1584 3529 1865 3576 concessa
1897 3510 2299 3586 inveniuntur
2335 3510 2428 3595 9).

479 3669 544 3733 ι)
570 3669 647 3718 cr.
672 3649 861 3719 (παρα,
892 3670 994 3735 off.
1032 3669 1095 3734 1,
1136 3668 1217 3718 12.
1240 3696 1299 3706 -
1324 3667 1387 3732 s)
1411 3669 1485 3723 cs.
1506 3670 1648 3733 nugo
1668 3666 1714 3739 ς.
1733 3667 1816 3719 6⁴.
1841 3695 1900 3707 --
1925 3669 1993 3732 ὅ)
2018 3668 2093 3717 cr.
2115 3668 2220 3717 cie.
2243 3668 2303 3717 «ιο
2326 3668 2427 3733 off.

411 3759 472 3823 3,
494 3759 550 3809 11
574 3794 591 3823 ,
614 3760 767 3814 Brut.
790 3759 958 3810 28.-v.
976 3760 1283 3823 Heia-App.
1309 3758 1421 3808 1³6.
1441 3787 1503 3797 -
1520 3760 1581 3823 ⁴)
1605 3760 1666 3807 V.
1695 3760 1866 3808 Creuz.
1896 3756 1941 3828 §.
1968 3757 2083 3808 204.
2114 3758 2259 3822 —5)
2287 3761 2427 3824 App.

410 3847 526 3898 157.
562 3849 704 3913 —6)
758 3848 1008 3902 enimin.
1043 3848 1219 3914 Epist.
1260 3848 1322 3912 4,
1365 3846 1454 3911 11,
1504 3848 1542 3896 1.
1601 3848 1684 3897 32.
1719 3849 1880 3912 Diqq.
1914 3850 1975 3898 de
2020 3849 2143 3911 jure
2190 3847 2320 3911 fisci.
2363 3875 2428 3886 -

409 3936 471 4001 7)
506 3938 639 3988 Suet.
665 3939 847 3989 Claud.
880 3939 973 4004 25,
1004 3942 1287 4004 pmqrinae
1311 3940 1614 3992 conditionis
1637 3939 1862 3987 homines
1893 3941 2051 3987 vetuit
2071 3954 2322 4003 usurpare
2344 3954 2426 3988 ro·-

412 4044 569 4076 mana
604 4030 841 4093 nomina,
880 4030 1147 4078 dumtaxat
1178 4030 1446 4092 qentili'h'a.
1470 4027 1615 4092 -8)
1656 4028 1729 4076 Cf.
1764 4027 1932 4078 Benus.
1968 4044 2015 4079 v.
2051 4027 2109 4091 Ξ,
2139 4044 2189 4094 p.
2227 4026 2336 4078 170.
2360 4057 2418 4065 -

414 4113 444 4161 9
478 4118 496 4182 )
527 4117 590 4167 V.
614 4116 758 4168 Hein.
783 4119 919 4187 App.
939 4117 1004 4169 64
1026 4125 1076 4170 et
1098 4117 1207 4196 ¹38.
1252 4129 1261 4136 ’
