3111 4829
1502 381 1754 466 (276)

622 524 841 572 actiones
862 533 995 581 esse,
1031 519 1119 566 aut
1140 515 1250 565 illos
1281 513 1543 579 scriptores
1569 513 1948 578 jurisconsultos
1984 515 2134 565 fuisse
2172 515 2311 565 velit.
2334 542 2397 554 —
2421 516 2505 579 10)
2526 517 2647 567 Ποο

619 614 742 662 adeo
763 615 943 660 cuncta
962 611 1197 673 reputans
1210 642 1227 671 ‚
1251 620 1358 653 non*
1373 609 1559 653 temere
1588 605 1700 667 quis
1721 604 1928 653 miretur
1947 641 1964 671 ‚
1985 605 2047 653 de
2072 605 2176 670 ipso
2198 605 2340 669 sacto,
2353 591 2607 655 hominem
2633 643 2651 669 ‚

619 698 928 763 antiquitatis
961 711 1176 744 romanae
1195 731 1211 759 ,
1245 698 1302 742 ut
1340 699 1531 741 constat
1550 730 1566 755 ‚
1606 693 1984 758 peritissimum,
2025 694 2353 758 Pomponium
2385 696 2607 744 Atticum
2629 734 2647 760 ,

615 793 685 840 ita
708 790 955 840 dubitasse
972 824 989 852 ,
1012 790 1101 849 ut,
1142 785 1203 833 de
1240 784 1405 833 Flavio
1443 788 1494 831 et
1530 782 1665 830 fastis
1697 799 1725 830 a
1747 782 1983 831 Cicerone
2007 781 2294 830 dissentiens
2313 820 2330 846 ‚
2379 787 2547 831 tamen
2583 784 2648 832 ab

616 883 715 931 hoc
734 882 855 930 belle
877 879 1131 929 dubitasse
1148 875 1343 924 dicatur
1369 875 1448 940 (v.
1470 889 1638 938 supra,
1662 889 1714 921 n.
1739 872 1790 923 4.
1805 909 1821 937 ‚
1837 874 1937 921 loc.
1956 871 2041 920 Cic
2059 874 2130 922 ad
2148 874 2255 921 Λα.
2278 872 2311 922 6
2330 908 2345 935 ,
2369 872 2452 937 1.)
2472 888 2490 936 3
2514 873 2602 935 qui
2626 910 2644 937 ‚

583 957 590 962 γ
621 986 780 1036 quum
801 969 995 1018 Atticus
1016 982 1118 1014 non
1138 965 1364 1028 vidisset,
1393 979 1484 1012 cur
1516 964 1666 1012 fastos
1700 962 1894 1012 Flavius
1929 961 2191 1027 protulerit
2208 998 2224 1025 ‚
2249 961 2352 1026 ipse
2372 999 2389 1026 ,
2416 963 2520 1027 jam
2544 977 2648 1011 non

621 1065 678 1108 ut
700 1059 761 1107 de
783 1073 835 1106 re
859 1062 993 1105 certa
1017 1056 1224 1117 loquens
1241 1089 1257 1116 ‚
1283 1049 1516 1118 putant,
1540 1053 1637 1117 ait,
1679 1053 1979 1101 occultatam
2012 1054 2232 1116 quodam
2258 1059 2476 1117 tempore
2500 1056 2648 1104 istam

623 1148 849 1197 tabulam
866 1181 884 1209 ‚
908 1152 968 1194 ut
987 1147 1094 1193 dics
1117 1145 1307 1206 aqendi
1322 1150 1618 1207 peterentur
1634 1159 1668 1191 a
1682 1144 1870 1206 paucis
1885 1160 1906 1200 ,·
1925 1157 1977 1190 se
1997 1127 2189 1204 autemJ
2207 1141 2261 1189 in
2280 1157 2335 1190 re
2357 1158 2459 1190 non
2482 1143 2656 1207 paucis

625 1235 913 1285 auctoribus
932 1232 1114 1282 tradita
1134 1268 1149 1295 ‚
1167 1232 1433 1296 publicam
1452 1247 1612 1295 prope
1631 1235 1920 1295 opinionem
1937 1247 2039 1279 esse
2055 1235 2281 1281 secutum
2297 1267 2314 1294 ,
2336 1238 2486 1294 atque
2509 1232 2653 1295 adeo,

629 1328 692 1373 de
716 1325 897 1373 Flavio
919 1330 968 1371 ee
982 1323 1133 1385 fastis
1149 1356 1167 1386 ,
1195 1325 1246 1370 ei
1263 1337 1408 1370 secus
1427 1321 1519 1384 sit,
1544 1336 1806 1370 commune
1836 1322 1932 1369 hoc
1956 1336 2059 1369 esse
2083 1325 2320 1368 erratum.
2344 1320 2469 1382 Quid
2494 1321 2613 1368 hinc
2647 1357 2664 1381 ‚

626 1414 722 1462 nisi
754 1415 895 1462 venia
935 1413 1109 1475 utique
1132 1412 1304 1476 dignos
1340 1411 1497 1460 videri
1518 1412 1817 1456 recentiores
1840 1423 1956 1456 cum
1981 1409 2144 1457 Attico
2161 1446 2177 1474 ,
2201 1424 2415 1472 cumque
2439 1410 2541 1473 ipso
2569 1408 2654 1454 Ci-

622 1518 806 1552 cerone
828 1502 1110 1550 dubitantes
1124 1497 1148 1546 ?
1173 1502 1311 1549 Inter
1334 1513 1457 1559 quos
1479 1497 1735 1559 nugonem
1763 1497 1904 1560 (pag.
1928 1497 2045 1546 350.
2062 1498 2142 1545 ed.
2156 1497 2239 1555 8.)
2265 1503 2316 1545 et
2337 1498 2652 1547 Dirksenium

623 1603 636 1644 ι
662 1592 717 1639 V
714 1592 920 1640 onacho
941 1607 1054 1655 pag.
1079 1589 1229 1652 215.)
1252 1587 1337 1635 hic
1357 1601 1461 1649 pras
1483 1585 1592 1634 aliis
1611 1587 1936 1635 nominandos
1963 1587 2210 1636 ducimus.
2235 1587 2525 1650 Quanquam
2562 1604 2653 1636 nos

628 1679 831 1742 quidem
846 1714 861 1738 ‚
884 1679 926 1724 si
950 1690 1147 1739 prorsus
1170 1673 1498 1721 dubitandum
1512 1710 1527 1735 ,
1551 1688 1652 1721 non
1673 1679 1774 1722 tam
1796 1674 1859 1722 de
1884 1675 2017 1722 fastis
2038 1675 2276 1740 vulgatis,
2295 1691 2446 1739 quam
2467 1678 2659 1740 dejure

629 1768 777 1816 cicili
796 1766 1161 1826 dubitaremus,
1188 1763 1351 1826 quod,
1374 1779 1402 1811 a
1426 1764 1646 1827 patriciis
1669 1765 1847 1813 callide
1869 1780 1959 1829 per
1981 1766 2162 1814 saecula
2185 1767 2489 1816 occultatum
2505 1804 2518 1830 ‚
2544 1768 2659 1815 Fla-

633 1859 742 1907 vius
763 1857 961 1904 demum
983 1854 1252 1919 publicarit
1265 1868 1281 1916 3
1307 1853 1370 1902 de
1393 1869 1491 1916 qua
1515 1869 1570 1902 re
1596 1854 1855 1917 loquentes
1878 1862 2084 1919 veteres,
2109 1857 2229 1920 etsi,
2252 1863 2495 1919 quantum
2518 1856 2663 1906 intel-

636 1948 739 2012 ligo
754 1985 769 2012 ‚
794 1963 961 1996 omnes
984 1947 1116 1994 idem
1137 1946 1354 1995 volentes
1377 1983 1394 2009 ‚
1431 1951 1599 1994 tamen
1621 1947 1705 1993 alii
1729 1948 1825 2009 jus
1847 1949 2020 2012 civile,
2052 1949 2225 1997 Cicero
2250 1955 2414 1998 autem
2438 1952 2663 1998 actiones

639 2036 937 2101 compositas
953 2071 969 2097 ‚
993 2034 1073 2083 vel
1092 2071 1107 2097 ‚
1131 2040 1188 2082 ut
1221 2034 1376 2082 altero
1398 2034 1510 2081 loco
1533 2033 1631 2098 ait,
1657 2038 1907 2098 expositas
1917 2071 1936 2100 ,
1969 2053 2099 2086 unus
2121 2037 2334 2101 denique
2363 2037 2664 2102 Pomponius

636 2126 762 2190 leqis
784 2127 1006 2174 actiones
1028 2123 1277 2187 evulgatas
1299 2122 1438 2171 dixit.
1464 2122 1625 2186 Igitur
1639 2159 1654 2185 ,
1679 2129 1736 2172 ut
1759 2123 1942 2173 certius
1965 2125 2153 2188 aliquid
2171 2163 2187 2188 ‚
2221 2127 2282 2175 de
2306 2141 2484 2174 arcana
2508 2126 2664 2191 patri-

640 2216 836 2264 ciorum
876 2211 1081 2261 scientia
1119 2212 1406 2275 artibusque
1445 2227 1534 2276 per
1557 2212 1781 2260 Flavium
1820 2213 1997 2279 elusis,
2036 2219 2249 2263 statuere
2273 2215 2473 2265 daretur
2491 2253 2507 2281 ,
2538 2216 2668 2265 scire

638 2320 731 2354 nos
754 2342 770 2367 ,
795 2304 918 2352 inud
940 2305 1036 2365 jus
1072 2304 1249 2365 civile,
1289 2302 1389 2349 inoe
1423 2304 1645 2350 actio-nes
1663 2335 1681 2365 ,
1724 2301 1823 2349 illae
1845 2302 1967 2365 leqis
2004 2305 2258 2367 actiones,
2302 2293 2530 2366 quaenam
2554 2321 2668 2370 pars

629 2395 757 2460 juris
767 2394 951 2444 suerint
967 2429 983 2457 ‚
1008 2396 1282 2457 oporteret3
1296 2391 1450 2454 velut,
1474 2406 1538 2439 ne
1548 2390 1645 2439 alia
1663 2389 2022 2471 distinguamus
2037 2430 2053 2458 ,
2069 2393 2282 2443 suerinte
2294 2395 2531 2457 actiones,
2553 2411 2667 2459 qun

643 2485 739 2531 xll
765 2483 944 2531 tabulis
968 2481 1175 2543 aliisque
1196 2480 1388 2543 legibus
1412 2480 1619 2544 prodita
1637 2516 1653 2543 ,
1679 2496 1742 2527 an
1757 2516 1771 2543 ,
1797 2482 1931 2543 quod
1956 2484 2107 2548 magis
2131 2483 2192 2532 ad
2215 2486 2474 2551 Pomponii
2497 2487 2668 2550 verba,

645 2571 746 2619 inae
765 2607 781 2633 ,
806 2586 927 2632 quas
949 2568 1146 2633 proprie
1169 2567 1379 2615 diximus
1397 2603 1413 2630 ,
1438 2567 1559 2630 legis
1588 2568 1807 2617 actiones
1822 2605 1837 2631 ‚
1871 2569 1923 2616 in
1948 2571 2062 2633 jure
2094 2571 2284 2621 scilicet
2309 2575 2484 2637 agendi
2508 2575 2633 2624 ratio
2652 2591 2669 2640 ;

638 2675 772 2706 anne
792 2673 907 2705 vero
927 2663 1194 2718 utrumque
1219 2656 1526 2721 complexum
1550 2656 1612 2704 sit
1636 2658 1718 2720 jus
1742 2657 1865 2705 illud
1887 2659 2174 2707 Flavianum
2193 2657 2217 2707 ?
2241 2662 2393 2724 Atqui
2413 2678 2500 2710 nos
2520 2700 2536 2725 ‚
2575 2669 2631 2712 ut
2654 2702 2670 2729 ,

640 2734 828 2811 proeter
851 2746 998 2794 fastos
1017 2781 1033 2807 ‚
1058 2745 1242 2792 librum
1281 2745 1342 2793 de
1365 2744 1579 2808 quadam
1600 2746 1727 2809 juris
1763 2752 1903 2808 parte
1940 2747 2040 2795 sive
2061 2738 2390 2812 compositum
2412 2765 2439 2797 a
2466 2750 2633 2799 Flavio
2654 2790 2670 2815 ‚

644 2838 748 2885 sive
788 2832 1040 2899 vulgatum
1074 2849 1179 2883 esse
1199 2870 1214 2898 ,
1244 2834 1452 2882 maxime
1476 2834 1733 2882 credamus
1753 2872 1768 2895 ,
1801 2842 1968 2883 tamen
2007 2852 2100 2887 nec
2120 2873 2134 2898 ‚
2162 2853 2254 2885 cur
2281 2837 2552 2905 Pomponio
2587 2842 2673 2891 hic

645 2927 758 2991 plus
778 2962 793 2989 ‚
818 2940 969 2989 quam
1003 2924 1110 2973 aliis
1148 2923 1425 2973 tribuamus
1444 2960 1461 2987 ‚
1496 2939 1696 2976 causam
1718 2924 1939 2973 videmus
1958 2962 1974 2987 ‚
1998 2932 2148 2989 atque
2172 2928 2373 2977 omnino
2395 2964 2410 2991 ‚
2435 2928 2558 2991 quid
2590 2928 2676 2979 ille

641 3017 771 3065 liber
795 3015 1132 3076 continuerit,
1171 3013 1294 3063 adeo
1322 3029 1443 3077 vaga
1475 3015 1786 3076 obscuraque
1825 3016 2015 3064 ratione
2047 3032 2075 3063 a
2114 3018 2361 3067 veteribus
2393 3035 2674 3085 expressum

647 3105 914 3168 habemus,
937 3110 995 3152 ut
1015 3104 1284 3152 ridiculum
1308 3119 1408 3151 non
1432 3103 1522 3165 sit,
1547 3104 1846 3166 quibusdam
1870 3104 1921 3151 in
1944 3110 2160 3154 mentem
2182 3109 2370 3161 venisse
2387 3146 2402 3172 ,
2426 3126 2526 3157 uno
2549 3110 2634 3160 illo
2658 3146 2674 3173 ‚

648 3195 792 3258 quod
812 3210 839 3242 a
870 3194 1039 3242 Flavio
1062 3194 1318 3257 vulgatum
1360 3198 1642 3255 constaret,
1662 3199 1714 3242 et
1734 3194 1882 3243 fastos
1903 3200 1954 3242 et
1975 3197 2192 3245 actiones
2215 3199 2479 3266 conjuncta
2502 3198 2649 3248 fuisse
2664 3236 2679 3263 .,

644 3285 817 3345 sicque
841 3283 1075 3331 accidisse
1089 3319 1104 3345 ‚
1127 3287 1186 3330 ut
1205 3282 1288 3330 alii
1310 3281 1484 3343 fastos,
1510 3283 1594 3329 alii
1617 3284 1864 3344 actiones,
1886 3283 1969 3330 alii
1988 3292 2258 3349 utrumque
2277 3288 2672 3336 memoraverim.

647 3372 755 3419 Huc
777 3371 1008 3420 trahendi
1043 3371 1186 3434 Hugo
1208 3375 1260 3419 et
1280 3370 1594 3434 Mackeldey‚
1628 3386 1843 3433 quorum
1877 3372 1961 3420 ille
1996 3374 2138 3438 (pag.
2164 3375 2276 3422 552.
2316 3375 2394 3422 ed.
2434 3374 2548 3437 8.)‚
2575 3376 2675 3425 duo

647 3464 837 3512 narrari
869 3462 930 3512 de
960 3463 1158 3526 Flavio,
1195 3463 1292 3524 ait,
1327 3478 1439 3526 qum
1475 3462 1678 3510 fortasse
1711 3462 1841 3510 idem
1861 3499 1877 3526 ,
1906 3468 1957 3511 et
1978 3468 1995 3518 (
2011 3480 2124 3528 pag.
2148 3465 2285 3528 556.)
2307 3501 2324 3528 ,
2347 3464 2407 3511 de
2422 3465 2536 3531 jure
2559 3464 2675 3514 Fla·

647 3552 792 3601 viano
807 3589 823 3614 ‚
857 3552 897 3599 si
920 3552 983 3600 ab
1013 3552 1185 3601 ordine
1221 3552 1412 3601 dierum
1437 3552 1676 3600 festorum
1701 3553 1853 3602 suerit
1873 3553 2149 3615 diversum,
2172 3554 2249 3601 vix
2270 3552 2401 3601 aliud
2421 3591 2437 3618 ,
2474 3554 2640 3617 inquit
2660 3594 2675 3622 ,

643 3657 747 3689 csse
767 3656 906 3706 posse
921 3680 936 3707 ,
967 3657 1116 3705 quam
1139 3643 1485 3691 collectionem
1518 3621 1848 3692 formularum
1868 3643 1948 3692 vel
1971 3643 2034 3691 ad
2054 3644 2172 3708 legis
2195 3639 2439 3707 actiones,
2464 3642 2541 3691 vel
2565 3660 2674 3693 om-

644 3732 762 3780 nino
785 3732 848 3781 ad
863 3734 1059 3796 negotia
1072 3733 1199 3799 juris
1220 3733 1727 3799 (Rechtsqeschoefie)
1748 3754 1768 3793 ‚-
1803 3750 1904 3798 quo
1932 3751 2075 3784 sensu
2108 3733 2289 3797 pax-iter
2327 3734 2557 3800 usurpari
2592 3752 2675 3783 vo-

643 3822 879 3871 cabulum
901 3826 1147 3883 actionis3
1169 3823 1512 3889 mackeldeyus
1536 3827 1701 3872 autem
1722 3821 1798 3892 (§.
1818 3823 1935 3888 33.)
1952 3859 1967 3886 ,
1992 3823 2207 3886 Appium
2242 3821 2502 3871 Claudium
2522 3861 2538 3887 ,
2560 3825 2677 3872 satis

649 3911 798 3958 habet
819 3911 983 3960 dicere
1001 3949 1017 3976 ‚
1042 3913 1330 3962 formulario
1348 3896 1522 3962 etfdies
1545 3913 1693 3961 fastos
1716 3910 2122 3976 (Gorichaestaqe)
2149 3910 2201 3958 in
2224 3910 2448 3961 ordinem
2463 3948 2478 3976 ,
2514 3914 2565 3961 in
2594 3929 2676 3977 sy-

652 4004 802 4047 stema
824 4037 839 4062 ,
873 4002 1115 4065 redegisse
1135 4040 1150 4066 ‚
1183 4004 1419 4066 huncque
1438 4003 1623 4051 librum
1651 4020 1678 4051 ει
1703 4002 1867 4050 Flavio
1894 4016 1995 4049 esse
2020 3999 2343 4064 publicatum.
2372 4054 2381 4077 a

735 4092 932 4156 2712'·
1005 4093 1286 4176 Vulgatis
1333 4115 1366 4155 a
1411 4092 1613 4155 Flavio
1657 4091 1858 4173 susm,
1910 4101 1969 4155 ct
2020 4091 2374 4176 compilata,
2424 4105 2489 4156 ut
2542 4093 2667 4178 ipsc
