3111 4829
1560 400 1585 482 <
1633 398 1750 462 128
1794 401 1820 479 )

679 528 937 577 mendace·
958 545 987 576 a
1002 574 1003 577 ,
1019 528 1174 592 lagen
1194 526 1472 593 (mentiri)
1496 529 1653 579 dicto·
1696 529 1938 595 fingamus
1956 565 1971 592 ‚
2009 535 2182 595 utpote
2214 532 2411 596 plebem
2434 537 2703 588 mendaciis

679 617 938 668 illudentes
956 655 971 683 ‚
1010 619 1144 682 quod
1174 619 1349 683 utique
1372 634 1473 667 non
1508 620 1827 668 vehementer
1847 620 2117 677 abhorrere
2145 621 2209 670 ab
2232 638 2405 672 eorum
2428 625 2591 675 officio
2627 629 2704 677 vi·

679 702 863 755 detur?
900 707 1149 756 Audacius
1188 708 1429 757 Niebuhr.
1449 743 1466 774 ,
1487 725 1539 773 p.
1578 707 1693 756 297.
1718 746 1734 773 ‚
1774 708 1924 757 Tities
1967 710 1985 773 (
2010 714 2248 772 tanquam
2270 715 2466 780 tritico)
2500 718 2701 766 tertium

676 794 899 844 ordinem
918 796 937 862 (
959 796 1101 845 Casto
1120 797 1138 862 )
1158 795 1388 844 denotare
1408 832 1425 858 ‚
1466 795 1778 859 suspicatur,
1802 795 1922 843 eliso
1944 795 1984 844 R
2001 833 2017 860 ,
2054 796 2187 859 quod
2209 798 2262 845 in
2284 806 2663 850 numero·terno
2686 837 2703 864 ,

674 886 795 934 utin
812 886 1036 950 plurimis
1056 920 1072 948 ,
1094 885 1147 932 in
1162 885 1366 933 Etrusca
1382 886 1551 948 lingua
1562 884 1941 934 fortassesuerit.
1964 912 2024 923 ·—-
2043 885 2126 952 12)
2149 886 2348 951 Dionys.
2374 889 2407 937 9
2419 925 2436 952 ,
2457 888 2509 938 7.
2530 919 2593 929 -—
2616 890 2698 955 13)

672 976 698 1023 1
720 974 932 1039 ,15.Cs.
951 975 1056 1024 Cio.
1078 976 1139 1024 do
1161 975 1292 1039 Rop.
1317 976 1348 1024 2
1368 1011 1384 1038 ,
1408 975 1457 1024 8.

664 1138 669 1147 ’
761 1117 908 1178 143.
945 1113 1187 1177 Servius
1215 1114 1489 1197 Tullius,
1521 1116 1642 1178 sive
1665 1125 1894 1178 servato
1923 1163 1939 1195 ,
1969 1115 2096 1178 sive
2125 1136 2278 1179 novo
2306 1164 2321 1197 ‚
2364 1127 2433 1179 ut
2469 1139 2504 1180 e
2529 1118 2696 1183 Livio
2747 1190 2752 1196 ,

666 1225 1031 1317 colligeres(
1045 1228 1104 1312 §.
1138 1223 1333 1313 142.)
1359 1277 1375 1310 ‚
1411 1227 1685 1293 tribuum
1711 1228 1965 1293 nornine
1986 1277 2002 1310 ‚
2030 1229 2248 1293 urbem
2273 1231 2336 1293 in
2361 1242 2630 1315 quatuor
2661 1280 2679 1316 ‚

658 1363 880 1428 agrum
908 1363 1153 1427 quoque
1179 1342 1538 1405 Romanum
1557 1388 1580 1416 ,
1605 1352 1673 1404 ut
1697 1341 1999 1428 plerisque
2022 1342 2217 1406 visum
2235 1392 2251 1425 ,
2281 1344 2345 1405 in
2370 1341 2640 1408 sedecim
2669 1397 2687 1430 ‚

658 1466 730 1520 ut
764 1453 1016 1541 quidam
1035 1476 1205 1518 nune
1236 1454 1474 1518 malunt
1507 1451 1606 1541 1),
1631 1455 1696 1517 in
1729 1455 1992 1540 vinginti
2010 1478 2110 1518 sex
2137 1456 2415 1541 regiones
2442 1505 2458 1539 ,
2483 1456 2686 1521 tribus

656 1568 934 1642 rusticas,
958 1564 1259 1654 divisit2).
1276 1567 1538 1632 Urbanae
1559 1589 1640 1631 an
1663 1568 1839 1632 initio
1854 1568 2238 1654 singularum
2260 1568 2388 1633 sive
2402 1570 2691 1655 stirpium

654 1683 787 1747 sive
809 1682 1095 1747 ordinum
1136 1682 1398 1762 fuerint,
1450 1704 1485 1744 a
1531 1682 1848 1745 nonnullis
1875 1681 2224 1747 dubitatum
2256 1685 2358 1765 3),
2391 1694 2523 1768 post
2543 1706 2691 1769 pro·
2753 1680 2760 1687 ’

650 1798 885 1861 miscue
913 1795 1208 1861 habitatas
1232 1845 1248 1878 ‚
1273 1806 1531 1859 eertum.
1565 1793 1814 1860 Eaedem
1835 1819 1871 1860 a
1902 1797 2176 1881 partibus
2207 1797 2381 1860 urbis
2410 1798 2681 1882 singulae

657 1909 755 1999 (§.
801 1906 953 1998 46.)
980 1958 997 1991 ‚
1036 1908 1277 1973 rusticae
1325 1931 1358 1972 a
1393 1908 1679 1994 gentibus
1732 1908 2039 1996 pleraeque
2070 1908 2094 1998 (
2112 1905 2172 1988 §.
2204 1906 2408 1996 492.)
2453 1909 2680 1995 adpel-

647 2025 786 2088 latae
812 2032 957 2087 sunt
977 2017 1063 2107 4).
1081 2021 1344 2086 Urbanae
1371 2022 1646 2106 primum
1662 2021 1986 2086 nobiliores
2002 2071 2018 2104 ,
2039 2034 2209 2108 post.
2238 2023 2416 2087 turba
2443 2023 2678 2087 forensi

654 2133 722 2223 5)
741 2146 801 2200 et
820 2134 1120 2200 libertinis
1142 2131 1211 2221 6)
1237 2184 1254 2217 ,
1280 2144 1583 2221 postremo
1614 2133 1715 2224 (a.
1745 2136 1893 2200 584.
1924 2131 1948 2222 )
1973 2136 2040 2199 in
2079 2154 2266 2199 unam
2292 2136 2676 2223 Esquilinam

649 2249 946 2333 conjectis
978 2297 996 2332 ‚
1063 2248 1308 2334 repletae
1341 2298 1358 2332 ‚
1409 2248 1771 2314 humiliores
1825 2247 2052 2312 habitae
2107 2234 2305 2331 sunt,
2363 2248 2684 2313 ditioribus
2735 2310 2742 2321 ,

650 2363 959 2449 plerisque
979 2362 1217 2427 rusticae
1238 2362 1465 2445 tribui,
1489 2361 1600 2426 ubi
1623 2359 1851 2448 praedia
1879 2361 2187 2427 habebant
2216 2358 2321 2449 7),
2345 2361 2683 2448 adscriptis.

648 2480 700 2541 T
703 2477 871 2540 ribus
891 2489 915 2558 ‚’
936 2487 1069 2562 post
1096 2477 1289 2540 varias
1309 2475 1546 2539 diverso
1575 2486 1854 2561 tempore
1883 2475 2152 2557 adjectas
2187 2524 2203 2557 ‚
2243 2476 2428 2540 circa.
2452 2499 2488 2541 a
2512 2477 2585 2543 U.
2616 2477 2683 2543 C.

651 2593 803 2655 512.
831 2588 897 2677 8)
920 2588 1171 2675 triginta
1195 2589 1474 2674 quinque
1496 2588 1921 2672 reperiuntur3
1945 2587 2172 2673 quibus
2193 2608 2272 2650 an
2296 2599 2428 2671 post
2441 2589 2679 2654 bellum

651 2703 867 2768 sociale
890 2697 976 2793 (§
1008 2698 1156 2787 66.)
1178 2721 1388 2783 novae,
1433 2701 1559 2763 sive
1580 2709 1715 2763 octo
1747 2700 1870 2762 sive
1900 2698 2116 2762 decem
2143 2746 2160 2780 ‚
2207 2718 2420 2784 eaeque
2449 2700 2514 2763 in
2537 2700 2686 2765 bre-

648 2817 963 2881 vissimum
987 2825 1229 2899 tempus
1247 2813 1616 2877 accesserint
1640 2860 1656 2894 ,
1679 2812 1842 2875 inter
1879 2810 2281 2875 difficillimas
2320 2812 2386 2874 in
2407 2812 2687 2898 antiqui—

646 2942 769 2996 tate
797 2951 1046 2995 romana
1069 2927 1432 3015 quaestiones
1459 2924 1819 3012 ponendum
1839 2921 1928 3011 9).
1958 2923 2289 2998 Curiarum
2319 2936 2529 2990 autem
2557 2949 2687 2994 nu—

644 3069 855 3111 merus
922 3067 1046 3109 non
1099 3041 1350 3107 variavit
1376 3089 1393 3123 ‚
1436 3049 1648 3124 utpote
1717 3060 1857 3126 quae
1884 3086 1900 3119 ,
1948 3037 1997 3101 si
2056 3060 2182 3102 non
2240 3038 2416 3103 initio
2444 3089 2460 3122 ‚
2518 3051 2683 3105 certe

642 3158 941 3247 posterius
966 3154 1210 3221 nonnisi
1246 3155 1315 3217 in
1345 3153 1500 3218 urbe
1530 3151 1944 3226 habitantium
1963 3153 2173 3235 fuere,
2202 3175 2320 3220 nec
2341 3154 2682 3242 quidquam

639 3273 719 3338 ad
741 3271 1093 3336 Servianum
1123 3269 1189 3332 in
1230 3267 1429 3332 tribus
1448 3266 1814 3330 divisionem
1839 3267 2236 3351 pertinentes.
2279 3268 2358 3332 ln
2393 3268 2684 3333 tribubus

643 3386 882 3451 rusticis
897 3383 1035 3470 pagi
1058 3432 1076 3467 ,
1108 3381 1133 3470 (
1158 3379 1322 3446 unde
1344 3380 1567 3467 pagani
1587 3377 1645 3466 ,)
1666 3382 1883 3445 Romae
1905 3382 2090 3445 etiam
2116 3382 2460 3464 memorati,
2491 3403 2678 3446 suum

641 3500 901 3588 quisque
939 3496 1364 3582 magistratum
1382 3485 1408 3577 ¹,
1453 3494 1692 3580 asylum
1725 3542 1742 3577 ,
1793 3491 1982 3557 deum
2011 3493 2333 3557 tutelarem
2362 3502 2423 3555 et
2481 3492 2631 3557 festa
2661 3556 2680 3586 ‚

640 3610 960 3699 paganalia
990 3608 1016 3698 (
1044 3611 1084 3695 §
1108 3613 1145 3674 7
1153 3607 1256 3694 8.)
1284 3606 1621 3692 ,habentes
1647 3603 1780 3695 10).
1807 3606 1906 3670 Ab
1934 3606 2030 3670 his
2065 3625 2331 3692 paganos
2367 3604 2677 3671 idolorum

636 3727 902 3791 cultores
932 3724 1124 3790 dictos
1141 3723 1429 3789 vidimus,
1463 3721 1698 3810 Pagani
1717 3732 1780 3785 et
1800 3720 2103 3784 militibus
2123 3717 2438 3783 interdum
2467 3741 2677 3807 oppo-

638 3852 875 3906 nuntur
902 3836 1032 3926 11).

703 4002 752 4063 1)
788 3998 863 4047 Cf.
886 3997 1028 4047 Nieb.
1045 4014 1095 4045 v.
1117 3999 1163 4046 1.
1180 4015 1231 4062 p.
1249 3997 1347 4047 255
1371 4033 1386 4056 ,
1409 3998 1581 4046 neunt.
1607 3997 1837 4045 Ine-ertit.
1859 4009 1910 4057 p.
1932 3993 1995 4056 2,
2022 4009 2072 4041 c.
2091 3993 2125 4042 6
2180 3994 2381 4059 Dionys.
2403 3996 2436 4045 4
2454 4032 2471 4059 ‚
2498 3997 2577 4047 15.
2605 4026 2667 4035 .-

636 4093 688 4157 2)
707 4091 768 4139 V.
796 4089 993 4152 Dionys.
1016 4087 1074 4151 4,
1101 4088 1181 4137 14.
1202 4116 1261 4126 -—-
1285 4088 1338 4151 3)
1383 4087 1460 4135 Cf.
1496 4086 1639 4134 Nieb.
1662 4100 1716 4148 p.
1740 4083 1857 4132 237.
1878 4113 1932 4121 —
1963 4083 2015 4147 4)
2051 4085 2089 4132 E
2111 4086 2308 4135 rusticis
2330 4123 2347 4148 ‚
2390 4088 2666 4137 seeundum
