3111 4829
1558 434 1807 519 (164)

679 571 900 636 urbem
919 582 1092 636 erant
1117 569 1201 657 (§.
1229 566 1433 658 375),
1447 567 1768 633 audiendis
1785 579 2029 633 senatus
2046 568 2324 634 dabatur.
2345 568 2434 657 7).
2461 567 2685 651 Quoad

679 696 920 772 tempus
941 734 959 768 ,
1004 695 1245 749 senatus
1290 684 1385 747 vel
1430 681 1744 769 legitimus
1766 731 1783 765 ‚
1834 682 1932 747 vel
1981 681 2247 747 indictus
2291 707 2306 748 ε
2365 683 2469 747 ille
2510 684 2692 748 certis

680 795 896 862 diebus
915 847 932 881 ,
964 808 1105 862 ante
1137 797 1489 883 Augustum
1514 789 1843 879 Kalendis,
1876 795 2064 861 Nonis
2099 807 2159 860 et
2187 794 2398 860 Idibus
2422 845 2439 879 ‚
2467 794 2691 861 deinde

679 912 761 976 K.
795 922 1033 976 tantum
1070 921 1130 975 et
1159 908 1251 975 Id.
1301 906 1402 997 8);
1426 908 1693 974 indictus
1713 930 2082 996 quacunque
2120 907 2255 992 die,
2285 909 2546 996 exceptis
2575 931 2694 973 co-

680 1023 1017 1088 mitialibus
1036 1073 1055 1107 ‚
1084 1025 1207 1088 sive
1235 1023 1524 1088 omnibus
1546 1073 1563 1106 ,
1595 1023 1716 1087 sive
1736 1072 1755 1107 ‚
1791 1035 1858 1087 ut
1885 1022 2193 1087 Zamoscio
2222 1033 2283 1087 et
2303 1022 2695 1108 Nieupoortio

678 1139 903 1223 placet,
928 1137 1103 1224 queis
1121 1136 1369 1201 comitia
1388 1135 1762 1201 haberentur
1781 1133 1870 1225 9).
1890 1135 2128 1222 Legatis
2144 1146 2352 1201 autem
2373 1134 2695 1200 audiendis

679 1251 994 1337 integrum
1023 1272 1299 1332 mensem
1336 1249 1736 1316 Februarium
1784 1248 2053 1315 dicatum
2091 1250 2306 1332 fuisse,
2335 1271 2370 1312 e
2400 1248 2694 1313 Cicerone

681 1364 981 1448 colligunt
1008 1362 1141 1448 10).

750 1547 803 1614 1)
842 1548 917 1598 Cf.
955 1549 1074 1599 Tac.
1097 1549 1242 1599 Anu.
1280 1549 1343 1614 2,
1385 1547 1480 1613 28,
1520 1549 1626 1598 Cic.
1647 1549 1787 1598 Pha.
1819 1550 1881 1613 1,
1911 1548 1974 1613 5,
1996 1549 2103 1599 Liv.
2124 1549 2191 1613 δ,
2214 1549 2448 1611 38.—2)
2468 1549 2546 1599 ef.
2567 1548 2696 1599 Gen.

683 1637 781 1702 1⁴,
807 1637 860 1687 7.
877 1665 940 1676 -
958 1638 1011 1703 ὅ)
1036 1637 1099 1686 V.
1122 1638 1248 1687 Gen.
1276 1638 1358 1701 1⁴,
1382 1637 1415 1687 7
1444 1642 1495 1686 et
1514 1637 1567 1686 8.
1586 1664 1644 1675 —
1662 1637 1715 1703 4>
1740 1638 1814 1687 Ct'.
1837 1639 2053 1688 Zamosc.
2075 1639 2108 1688 2
2126 1675 2143 1704 ‚
2166 1639 2219 1688 3.
2237 1639 2368 1705 -5)
2387 1639 2463 1687 Cf.
2485 1640 2590 1688 Cic.
2627 1640 2701 1689 od

687 1727 949 1791 Q.Fmtr.
968 1727 1027 1792 2,
1052 1727 1076 1776 1
1101 1765 1117 1791 ‚
1141 1729 1202 1776 de
1222 1729 1365 1777 Orat.
1389 1728 1452 1790 ὅ,
1476 1728 1526 1776 1.
1550 1728 1683 1789 -6›
1705 1728 1780 1776 Cf.
1805 1728 1934 1777 Geli.
1953 1728 2045 1791 1⁴,
2065 1728 2128 1790 7,
2150 1728 2554 1792 Suet.Auq.55‚
2580 1730 2698 1777 stu.

684 1816 751 1864 B.
778 1817 835 1866 C.
863 1814 1110 1877 ⁴7.—7)
1148 1815 1217 1863 Cf.
1257 1815 1388 1864 Fest.
1420 1816 1474 1863 in
1504 1817 1774 1878 macula,
1807 1816 1915 1863 Liv.
1945 1815 2045 1878 51,
2085 1814 2181 1880 47,
2220 1816 2320 1881 ὃὸ,
2360 1816 2426 1865 22
2451 1823 2503 1865 et
2528 1816 2694 1866 2⁴.—

683 1903 749 1965 8)
774 1903 908 1953 Suet.
927 1905 1067 1968 Auq.
1087 1904 1172 1953 55.
1195 1904 1348 1966 -9)
1385 1904 1447 1953 V.
1485 1905 1703 1953 Zamosc.
1737 1905 1797 1968 2,
1819 1903 1866 1970 ‚7
1885 1941 1901 1967 ‚
1941 1905 2046 1953 Cic.
2069 1904 2226 1968 πάρ.
2248 1905 2697 1969 Fmer.2,13.-

687 1990 772 2055 10)
796 1993 882 2041 Aa
900 1993 1027 2042 Dio.
1051 1990 1111 2056 1,
1133 1991 1184 2042 4.
1209 1992 1287 2059 Cf,
1317 1991 1466 2042 Vm.
1489 1994 1551 2056 2,
1575 1994 1672 2057 31,
1710 1993 1928 2041 Zamosc.
1947 1993 2009 2059 2,
2032 1993 2085 2043 7.

780 2183 929 2248 180.
978 2183 1236 2248 Senatus
1266 2232 1283 2266 ,
1342 2194 1414 2248 ut
1461 2182 1708 2248 comitia
1751 2176 2145 2272 (§.149.>,
2187 2182 2345 2246 intra
2392 2191 2596 2246 ortum
2635 2195 2700 2247 et

684 2317 967 2361 occasum
990 2299 1126 2361 solis
1147 2296 1467 2362 habendus
1496 2295 1590 2384 1),
1630 2318 1747 2361 uec
1774 2307 1904 2382 post
1923 2295 2137 2363 horam
2161 2296 2463 2361 decimam
2485 2294 2695 2360 relatio

685 2411 976 2495 permissa
1023 2407 1113 2497 2).
1145 2410 1662 2476 Deliberationem
1716 2410 1980 2496 auspicia
2029 2422 2090 2475 et
2137 2410 2503 2476 sacrificium
2555 2419 2698 2474 ante

681 2522 920 2585 curiam
944 2521 1367 2608 praecedebant
1397 2522 1485 2611 3).
1513 2526 1604 2588 De
1626 2525 1749 2588 ritu
1773 2521 2150 2586 deliberandi
2178 2524 2587 2587 memorabilis
2608 2532 2698 2586 est

686 2633 814 2697 Cic.
841 2633 973 2719 Ep.
1007 2633 1101 2697 ad
1127 2634 1208 2720 Q.
1240 2633 1309 2697 F
1306 2647 1472 2699 ratr.
1510 2637 1549 2696 2
1570 2683 1587 2717 ,
1626 2641 1685 2699 1.
1728 2632 1816 2720 4).
1861 2634 2253 2720 Congrcgatis
2282 2635 2658 2699 senatoribus
2678 2683 2698 2719 ,

682 2767 752 2808 re
780 2746 902 2809 sive
921 2768 956 2810 a
981 2738 1337 2830 praesidente
1361 2795 1378 2829 ,
1409 2747 1531 2810 sive
1552 2748 1670 2810 alio
1694 2747 1878 2810 etiam
1894 2795 1912 2829 ,
1942 2746 2159 2831 opinor
2181 2794 2200 2829 ‚
2231 2748 2533 2812 referente
2571 2745 2696 2836 5),

680 2860 984 2945 proposita
1010 2907 1027 2942 ,
1070 2860 1383 2922 sententiae
1418 2859 1778 2924 dicebantur
1802 2908 1819 2942 ,
1859 2860 2006 2923 olim
2035 2860 2163 2925 sere
2190 2872 2414 2925 servato
2437 2859 2653 2925 ordine
2676 2909 2696 2945 ‚

680 2984 754 3036 ut
772 2982 912 3037 ante
930 2972 1173 3036 comitia
1195 2974 1533 3039 consularia
1550 2975 1840 3059 Princeps
1858 2984 2129 3061 senatus,
2151 2987 2280 3061 post
2317 2998 2387 3041 ea
2410 2976 2698 3041 Consules

685 3084 984 3171 designati
1009 3086 1193 3172 primi
1222 3098 1602 3172 rogarentur.
1631 3088 1771 3168 Quo
1800 3089 2082 3177 neglecto
2108 3140 2125 3175 ,
2154 3091 2464 3178 dignitatis
2489 3102 2694 3155 tamen

679 3202 835 3264 ratio
858 3199 1063 3264 habita
1086 3249 1103 3284 ,
1128 3200 1333 3284 velut,
1364 3224 1444 3265 ne
1463 3203 1726 3287 praetorii
1757 3205 2102 3270 consulares
2131 3207 2432 3271 anteirent
2456 3202 2542 3292 6).
2571 3201 2693 3267 Sed

679 3311 815 3376 haec
840 3313 1081 3398 aliaque
1103 3362 1121 3396 ,
1156 3312 1368 3379 dubito
1388 3362 1406 3399 ,
1439 3336 1520 3379 an
1544 3336 1818 3401 unquam
1856 3318 1993 3405 lege
2017 3317 2290 3384 ordinata
2308 3367 2324 3399 ,
2348 3338 2539 3401 quum
2557 3315 2691 3398 jam

647 3428 882 3493 ‘Caesar
902 3412 1257 3513 neglexisset
1278 3477 1296 3513 ,
1329 3430 1643 3515 Augustus
1686 3433 1930 3496 nullum
1968 3434 2242 3498 ordinem
2274 3450 2504 3492 servare
2537 3450 2693 3512 pru-

682 3541 926 3607 dentius
942 3541 1240 3626 judicavit
1260 3541 1347 3632 7).
1371 3545 1646 3631 Rogatus
1667 3550 2029 3615 sententiam
2043 3599 2060 3633 ‚
2082 3545 2257 3610 missa
2274 3592 2292 3627 ‚
2315 3543 2364 3606 si
2386 3543 2692 3630 libuisset,

681 3679 749 3722 re
781 3658 1099 3743 praesenti,
1139 3657 1215 3722 de
1240 3658 1358 3724 alia
1380 3681 1753 3747 quacunque
1776 3661 1854 3726 ad
1887 3656 2322 3744 rempublicam
2349 3656 2694 3741 pertinente

679 3769 1035 3855 disserebat3
1064 3771 1232 3836 unde
1254 3785 1470 3837 notum
1494 3773 1653 3839 illud
1675 3775 1849 3840 diem
1876 3770 2143 3838 dicendo
2171 3773 2450 3835 eximere
2469 3818 2495 3848 ,
2527 3760 2696 3837 con-¹

678 3906 930 3948 sumere
952 3932 978 3961 ,
1034 3887 1252 3951 tollere
1311 3885 1394 3975 8)
1415 3934 1439 3963 ,
1486 3899 1545 3951 et
1589 3889 1786 3951 simile
1843 3886 1910 3950 in
1962 3882 2222 3948 comitiis
2274 3906 2391 3947 usu
2452 3886 2692 3951 'venisse

680 3994 943 4060 diximus
971 3997 1069 4085 (5.
1109 3997 1300 4087 162.)
1342 4002 1477 4064 Una
1516 4000 1814 4064 sententia
1859 3999 2034 4084 plura
2075 3998 2481 4083 complectens
2515 3999 2695 4064 divi-

687 4109 877 4185 dere,
929 4110 968 4174 i.
1006 4133 1060 4175 e.
1091 4160 1107 4193 ‚
1147 4112 1221 4177 de
1254 4113 1507 4197 singulis
1538 4113 1856 4199 separatim
1892 4111 2091 4177 dicere
2111 4110 2445 4195 jubebatur
2471 4109 2561 4199 9).
2599 4113 2694 4177 De
