<?xml version="1.0" encoding="UTF-8"?>
<!DOCTYPE html PUBLIC "-//W3C//DTD XHTML 1.0 Transitional//EN"
    "http://www.w3.org/TR/xhtml1/DTD/xhtml1-transitional.dtd">
<html xmlns="http://www.w3.org/1999/xhtml" xml:lang="en" lang="en">
 <head>
  <title>
</title>
<meta http-equiv="Content-Type" content="text/html;charset=utf-8" />
  <meta name='ocr-system' content='tesseract 3.04.00' />
  <meta name='ocr-capabilities' content='ocr_page ocr_carea ocr_par ocr_line ocrx_word'/>
</head>
<body>
  <div class='ocr_page' id='page_1' title='image "./antiquitatesrom00dirkgoog_0280.png"; bbox 0 0 3111 4829; ppageno 0'>
   <div class='ocr_carea' id='block_1_1' title="bbox 1314 411 1572 494">
    <p class='ocr_par' dir='ltr' id='par_1_1' title="bbox 1314 411 1572 494">
     <span class='ocr_line' id='line_1_1' title="bbox 1314 411 1572 494; baseline -0.004 0"><span class='ocrx_word' id='word_1_1' title='bbox 1314 411 1572 494; x_wconf 75' lang='lat'><strong>(243)</strong></span> 
     </span>
    </p>
   </div>
   <div class='ocr_carea' id='block_1_2' title="bbox 378 541 2465 4180">
    <p class='ocr_par' dir='ltr' id='par_1_2' title="bbox 378 541 2465 4180">
     <span class='ocr_line' id='line_1_2' title="bbox 435 541 2456 607; baseline 0.001 -16"><span class='ocrx_word' id='word_1_2' title='bbox 435 547 537 591; x_wconf 85' lang='lat' dir='ltr'><strong>tem</strong></span> <span class='ocrx_word' id='word_1_3' title='bbox 552 577 572 607; x_wconf 86' lang='lat'><strong>,</strong></span> <span class='ocrx_word' id='word_1_4' title='bbox 603 542 637 591; x_wconf 74' lang='lat'><strong>3</strong></span> <span class='ocrx_word' id='word_1_5' title='bbox 656 578 672 606; x_wconf 93' lang='lat'><strong>,</strong></span> <span class='ocrx_word' id='word_1_6' title='bbox 714 542 772 591; x_wconf 75' lang='lat'><strong>51</strong></span> <span class='ocrx_word' id='word_1_7' title='bbox 796 577 814 605; x_wconf 87' lang='lat'><strong>,</strong></span> <span class='ocrx_word' id='word_1_8' title='bbox 846 541 1044 591; x_wconf 80' lang='lat' dir='ltr'><strong>eosdem</strong></span> <span class='ocrx_word' id='word_1_9' title='bbox 1081 541 1264 605; x_wconf 62' lang='lat' dir='ltr'><strong>legatos</strong></span> <span class='ocrx_word' id='word_1_10' title='bbox 1307 543 1522 605; x_wconf 66' lang='lat' dir='ltr'><strong>inclytos</strong></span> <span class='ocrx_word' id='word_1_11' title='bbox 1546 541 1678 605; x_wconf 72' lang='lat' dir='ltr'><strong>loqu</strong></span> <span class='ocrx_word' id='word_1_12' title='bbox 1707 541 1909 590; x_wconf 67' lang='lat' dir='ltr'><strong>Solonis</strong></span> <span class='ocrx_word' id='word_1_13' title='bbox 1937 542 2210 592; x_wconf 64' lang='lat' dir='ltr'><strong>describere</strong></span> <span class='ocrx_word' id='word_1_14' title='bbox 2246 551 2296 592; x_wconf 77' lang='lat' dir='ltr'><strong>st</strong></span> <span class='ocrx_word' id='word_1_15' title='bbox 2320 546 2456 593; x_wconf 78' lang='lat' dir='ltr'><strong>olu&#39;oe-</strong></span> 
     </span>
     <span class='ocr_line' id='line_1_3' title="bbox 436 630 2453 694; baseline 0.001 -16"><span class='ocrx_word' id='word_1_16' title='bbox 436 647 555 679; x_wconf 79' lang='lat' dir='ltr'><strong>rum</strong></span> <span class='ocrx_word' id='word_1_17' title='bbox 574 632 784 680; x_wconf 74' lang='lat' dir='ltr'><strong>Groecioe</strong></span> <span class='ocrx_word' id='word_1_18' title='bbox 804 633 1066 680; x_wconf 73' lang='lat' dir='ltr'><strong>civitatum</strong></span> <span class='ocrx_word' id='word_1_19' title='bbox 1085 633 1323 680; x_wconf 68' lang='lat' dir='ltr'><strong>instituta</strong></span> <span class='ocrx_word' id='word_1_20' title='bbox 1344 646 1505 679; x_wconf 79' lang='lat' dir='ltr'><strong>mores</strong></span> <span class='ocrx_word' id='word_1_21' title='bbox 1517 630 1748 693; x_wconf 71' lang='lat' dir='ltr'><strong>juraque</strong></span> <span class='ocrx_word' id='word_1_22' title='bbox 1779 645 1980 680; x_wconf 74' lang='lat' dir='ltr'><strong>noscero</strong></span> <span class='ocrx_word' id='word_1_23' title='bbox 1994 631 2155 694; x_wconf 84' lang='lat' dir='ltr'><strong>jussos</strong></span> <span class='ocrx_word' id='word_1_24' title='bbox 2176 646 2278 680; x_wconf 80' lang='lat' dir='ltr'><strong>esse</strong></span> <span class='ocrx_word' id='word_1_25' title='bbox 2299 669 2316 694; x_wconf 90' lang='lat'><strong>,</strong></span> <span class='ocrx_word' id='word_1_26' title='bbox 2347 637 2453 680; x_wconf 84' lang='lat' dir='ltr'><strong>tra·</strong></span> 
     </span>
     <span class='ocr_line' id='line_1_4' title="bbox 436 719 2455 786; baseline 0 -16"><span class='ocrx_word' id='word_1_27' title='bbox 436 720 511 770; x_wconf 86' lang='lat' dir='ltr'><strong>dit</strong></span> <span class='ocrx_word' id='word_1_28' title='bbox 520 736 537 784; x_wconf 84' lang='lat'>3</span> <span class='ocrx_word' id='word_1_29' title='bbox 562 720 745 783; x_wconf 85' lang='lat' dir='ltr'><strong>quibus</strong></span> <span class='ocrx_word' id='word_1_30' title='bbox 777 720 948 769; x_wconf 78' lang='lat' dir='ltr'><strong>confer</strong></span> <span class='ocrx_word' id='word_1_31' title='bbox 966 720 1124 769; x_wconf 86' lang='lat' dir='ltr'><strong>Taciti</strong></span> <span class='ocrx_word' id='word_1_32' title='bbox 1143 757 1159 784; x_wconf 95' lang='lat'><strong>,</strong></span> <span class='ocrx_word' id='word_1_33' title='bbox 1180 722 1321 769; x_wconf 68' lang='lat' dir='ltr'><strong>Amr.</strong></span> <span class='ocrx_word' id='word_1_34' title='bbox 1343 719 1404 783; x_wconf 79' lang='grc' dir='ltr'><strong>δ,</strong></span> <span class='ocrx_word' id='word_1_35' title='bbox 1436 719 1501 768; x_wconf 72' lang='grc'><strong>96</strong></span> <span class='ocrx_word' id='word_1_36' title='bbox 1516 745 1580 755; x_wconf 89' lang='lat'><strong>—-</strong></span> <span class='ocrx_word' id='word_1_37' title='bbox 1598 721 1774 767; x_wconf 73' lang='lat' dir='ltr'><strong>accitis</strong></span> <span class='ocrx_word' id='word_1_38' title='bbox 1791 753 1811 782; x_wconf 83' lang='lat'><strong>,</strong></span> <span class='ocrx_word' id='word_1_39' title='bbox 1842 735 1958 783; x_wconf 71' lang='lat' dir='ltr'><strong>quoe</strong></span> <span class='ocrx_word' id='word_1_40' title='bbox 1980 735 2200 784; x_wconf 71' lang='lat' dir='ltr'><strong>usquam</strong></span> <span class='ocrx_word' id='word_1_41' title='bbox 2234 725 2455 786; x_wconf 70' lang='lat' dir='ltr'><strong>syr-eyia,</strong></span> 
     </span>
     <span class='ocr_line' id='line_1_5' title="bbox 436 808 2459 874; baseline 0 -15"><span class='ocrx_word' id='word_1_42' title='bbox 436 814 720 874; x_wconf 70' lang='lat' dir='ltr'><strong>composito</strong></span> <span class='ocrx_word' id='word_1_43' title='bbox 736 808 863 859; x_wconf 84' lang='lat' dir='ltr'><strong>XII</strong></span> <span class='ocrx_word' id='word_1_44' title='bbox 890 809 1105 860; x_wconf 69' lang='lat' dir='ltr'><strong>Tabula</strong></span> <span class='ocrx_word' id='word_1_45' title='bbox 1122 845 1138 872; x_wconf 91' lang='lat'><strong>,</strong></span> <span class='ocrx_word' id='word_1_46' title='bbox 1160 811 1285 874; x_wconf 73' lang='lat' dir='ltr'><strong>fluis</strong></span> <span class='ocrx_word' id='word_1_47' title='bbox 1303 813 1442 874; x_wconf 77' lang='lat' dir='ltr'><strong>oeqm&#39;</strong></span> <span class='ocrx_word' id='word_1_48' title='bbox 1457 810 1621 871; x_wconf 71' lang='lat' dir='ltr'><strong>juris.</strong></span> <span class='ocrx_word' id='word_1_49' title='bbox 1645 808 1784 857; x_wconf 77' lang='lat' dir='ltr'><strong>Inter</strong></span> <span class='ocrx_word' id='word_1_50' title='bbox 1801 809 2099 858; x_wconf 78' lang='lat' dir='ltr'><strong>recentiores</strong></span> <span class='ocrx_word' id='word_1_51' title='bbox 2118 845 2135 874; x_wconf 89' lang='lat'>‚</span> <span class='ocrx_word' id='word_1_52' title='bbox 2159 825 2373 872; x_wconf 83' lang='lat' dir='ltr'><strong>quorum</strong></span> <span class='ocrx_word' id='word_1_53' title='bbox 2400 812 2459 860; x_wconf 84' lang='lat' dir='ltr'><strong>in</strong></span> 
     </span>
     <span class='ocr_line' id='line_1_6' title="bbox 436 896 2453 963; baseline 0 -16"><span class='ocrx_word' id='word_1_54' title='bbox 436 898 617 947; x_wconf 87' lang='lat' dir='ltr'><strong>talibus</strong></span> <span class='ocrx_word' id='word_1_55' title='bbox 657 898 913 947; x_wconf 68' lang='lat' dir='ltr'><strong>sententia</strong></span> <span class='ocrx_word' id='word_1_56' title='bbox 941 898 1214 963; x_wconf 85' lang='lat' dir='ltr'><strong>plurimum</strong></span> <span class='ocrx_word' id='word_1_57' title='bbox 1236 898 1463 963; x_wconf 78' lang='lat' dir='ltr'><strong>plerique</strong></span> <span class='ocrx_word' id='word_1_58' title='bbox 1494 897 1756 959; x_wconf 86' lang='lat' dir='ltr'><strong>tribuunt,</strong></span> <span class='ocrx_word' id='word_1_59' title='bbox 1776 896 1919 959; x_wconf 76' lang='lat' dir='ltr'><strong>nugo</strong></span> <span class='ocrx_word' id='word_1_60' title='bbox 1940 933 1956 960; x_wconf 91' lang='lat'><strong>,</strong></span> <span class='ocrx_word' id='word_1_61' title='bbox 1983 899 2160 946; x_wconf 65' lang='lat' dir='ltr'><strong>Gsscls.</strong></span> <span class='ocrx_word' id='word_1_62' title='bbox 2192 900 2254 946; x_wconf 79' lang='lat' dir='ltr'><strong>de</strong></span> <span class='ocrx_word' id='word_1_63' title='bbox 2291 897 2453 949; x_wconf 72' lang='lat' dir='ltr'><strong>Rom.</strong></span> 
     </span>
     <span class='ocr_line' id='line_1_7' title="bbox 435 983 2458 1054; baseline -0.001 -14"><span class='ocrx_word' id='word_1_64' title='bbox 435 989 619 1040; x_wconf 69' lang='lat' dir='ltr'><strong>Rechts</strong></span> <span class='ocrx_word' id='word_1_65' title='bbox 635 1024 651 1052; x_wconf 97' lang='lat'><strong>,</strong></span> <span class='ocrx_word' id='word_1_66' title='bbox 674 1005 726 1054; x_wconf 88' lang='lat' dir='ltr'><strong>p.</strong></span> <span class='ocrx_word' id='word_1_67' title='bbox 747 986 813 1038; x_wconf 72' lang='lat'><strong>04</strong></span> <span class='ocrx_word' id='word_1_68' title='bbox 832 987 915 1037; x_wconf 90' lang='lat' dir='ltr'><strong>ed.</strong></span> <span class='ocrx_word' id='word_1_69' title='bbox 940 987 971 1036; x_wconf 89' lang='grc'>8</span> <span class='ocrx_word' id='word_1_70' title='bbox 985 1024 1001 1050; x_wconf 90' lang='grc'><em>,</em></span> <span class='ocrx_word' id='word_1_71' title='bbox 1026 1004 1128 1036; x_wconf 90' lang='lat' dir='ltr'><strong>non</strong></span> <span class='ocrx_word' id='word_1_72' title='bbox 1150 992 1424 1051; x_wconf 78' lang='lat' dir='ltr'><strong>repugnat,</strong></span> <span class='ocrx_word' id='word_1_73' title='bbox 1450 983 1718 1049; x_wconf 82' lang='lat' dir='ltr'><strong>quominus</strong></span> <span class='ocrx_word' id='word_1_74' title='bbox 1739 984 1924 1047; x_wconf 75' lang='lat' dir='ltr'><strong>legatos</strong></span> <span class='ocrx_word' id='word_1_75' title='bbox 1946 985 2137 1050; x_wconf 82' lang='lat' dir='ltr'><strong>missos,</strong></span> <span class='ocrx_word' id='word_1_76' title='bbox 2158 987 2282 1050; x_wconf 80' lang='lat' dir='ltr'><strong>quin</strong></span> <span class='ocrx_word' id='word_1_77' title='bbox 2306 988 2458 1037; x_wconf 80' lang='lat' dir='ltr'><strong>etiam</strong></span> 
     </span>
     <span class='ocr_line' id='line_1_8' title="bbox 433 1073 2459 1141; baseline 0 -15"><span class='ocrx_word' id='word_1_78' title='bbox 433 1077 628 1126; x_wconf 86' lang='lat' dir='ltr'><strong>ltaliam</strong></span> <span class='ocrx_word' id='word_1_79' title='bbox 664 1077 866 1125; x_wconf 80' lang='lat' dir='ltr'><strong>sortasse</strong></span> <span class='ocrx_word' id='word_1_80' title='bbox 886 1092 1101 1141; x_wconf 75' lang='lat' dir='ltr'><strong>egressos</strong></span> <span class='ocrx_word' id='word_1_81' title='bbox 1118 1114 1134 1140; x_wconf 93' lang='lat'><strong>,</strong></span> <span class='ocrx_word' id='word_1_82' title='bbox 1170 1091 1454 1141; x_wconf 85' lang='lat' dir='ltr'><strong>persuasum</strong></span> <span class='ocrx_word' id='word_1_83' title='bbox 1482 1075 1786 1138; x_wconf 83' lang='lat' dir='ltr'><strong>habeamus3</strong></span> <span class='ocrx_word' id='word_1_84' title='bbox 1818 1073 2076 1123; x_wconf 82' lang='lat' dir='ltr'><strong>Dirksenio</strong></span> <span class='ocrx_word' id='word_1_85' title='bbox 2099 1075 2221 1139; x_wconf 86' lang='lat' dir='ltr'><strong>quid</strong></span> <span class='ocrx_word' id='word_1_86' title='bbox 2249 1078 2459 1127; x_wconf 78' lang='lat' dir='ltr'><strong>maxime</strong></span> 
     </span>
     <span class='ocr_line' id='line_1_9' title="bbox 433 1162 2453 1235; baseline 0 -18"><span class='ocrx_word' id='word_1_87' title='bbox 433 1167 708 1235; x_wconf 78' lang='lat' dir='ltr'><strong>placuerit,</strong></span> <span class='ocrx_word' id='word_1_88' title='bbox 738 1166 966 1215; x_wconf 77' lang='lat' dir='ltr'>mihimet</span> <span class='ocrx_word' id='word_1_89' title='bbox 987 1165 1192 1215; x_wconf 85' lang='lat' dir='ltr'><strong>ulterius</strong></span> <span class='ocrx_word' id='word_1_90' title='bbox 1222 1164 1573 1228; x_wconf 76' lang='lat' dir='ltr'><strong>quoerendum3</strong></span> <span class='ocrx_word' id='word_1_91' title='bbox 1598 1162 1821 1212; x_wconf 80' lang='lat' dir='ltr'><strong>Niebuhr</strong></span> <span class='ocrx_word' id='word_1_92' title='bbox 1855 1167 2053 1226; x_wconf 86' lang='lat' dir='ltr'><strong>autem,</strong></span> <span class='ocrx_word' id='word_1_93' title='bbox 2090 1163 2253 1214; x_wconf 75' lang='lat' dir='ltr'><strong>Ram.</strong></span> <span class='ocrx_word' id='word_1_94' title='bbox 2275 1167 2453 1216; x_wconf 72' lang='lat' dir='ltr'><strong>Gescln.</strong></span> 
     </span>
     <span class='ocr_line' id='line_1_10' title="bbox 432 1251 2457 1322; baseline -0.001 -14"><span class='ocrx_word' id='word_1_95' title='bbox 432 1275 485 1309; x_wconf 77' lang='lat' dir='ltr'><strong>v.</strong></span> <span class='ocrx_word' id='word_1_96' title='bbox 520 1259 588 1322; x_wconf 71' lang='lat'><strong>2,</strong></span> <span class='ocrx_word' id='word_1_97' title='bbox 618 1271 675 1322; x_wconf 78' lang='lat' dir='ltr'><strong>p.</strong></span> <span class='ocrx_word' id='word_1_98' title='bbox 708 1257 795 1307; x_wconf 81' lang='lat'><strong>67.</strong></span> <span class='ocrx_word' id='word_1_99' title='bbox 835 1256 936 1319; x_wconf 81' lang='lat' dir='ltr'><strong>(cs.</strong></span> <span class='ocrx_word' id='word_1_100' title='bbox 959 1254 1288 1305; x_wconf 83' lang='lat' dir='ltr'><strong>Waehsmuth</strong></span> <span class='ocrx_word' id='word_1_101' title='bbox 1322 1255 1485 1302; x_wconf 70' lang='lat' dir='ltr'><strong>altere</strong></span> <span class='ocrx_word' id='word_1_102' title='bbox 1510 1251 1689 1302; x_wconf 69' lang='lat' dir='ltr'><strong>Gesch.</strong></span> <span class='ocrx_word' id='word_1_103' title='bbox 1722 1254 1775 1300; x_wconf 81' lang='lat' dir='ltr'><strong>d.</strong></span> <span class='ocrx_word' id='word_1_104' title='bbox 1807 1251 1970 1302; x_wconf 77' lang='lat' dir='ltr'><strong>Raem.</strong></span> <span class='ocrx_word' id='word_1_105' title='bbox 1994 1252 2163 1302; x_wconf 75' lang='lat' dir='ltr'><strong>Staats</strong></span> <span class='ocrx_word' id='word_1_106' title='bbox 2185 1270 2238 1318; x_wconf 89' lang='lat' dir='ltr'><strong>p.</strong></span> <span class='ocrx_word' id='word_1_107' title='bbox 2271 1255 2419 1321; x_wconf 78' lang='lat'><strong>355.)</strong></span> <span class='ocrx_word' id='word_1_108' title='bbox 2441 1294 2457 1320; x_wconf 93' lang='lat'><strong>,</strong></span> 
     </span>
     <span class='ocr_line' id='line_1_11' title="bbox 437 1340 2460 1411; baseline -0.001 -15"><span class='ocrx_word' id='word_1_109' title='bbox 437 1349 652 1397; x_wconf 78' lang='lat' dir='ltr'><strong>Athenas</strong></span> <span class='ocrx_word' id='word_1_110' title='bbox 686 1363 844 1411; x_wconf 90' lang='lat' dir='ltr'><strong>usque</strong></span> <span class='ocrx_word' id='word_1_111' title='bbox 865 1346 1065 1409; x_wconf 80' lang='lat' dir='ltr'><strong>missos,</strong></span> <span class='ocrx_word' id='word_1_112' title='bbox 1089 1362 1178 1410; x_wconf 88' lang='lat' dir='ltr'><strong>per</strong></span> <span class='ocrx_word' id='word_1_113' title='bbox 1200 1361 1251 1394; x_wconf 94' lang='lat' dir='ltr'><strong>se</strong></span> <span class='ocrx_word' id='word_1_114' title='bbox 1275 1343 1479 1407; x_wconf 89' lang='lat' dir='ltr'><strong>quidem</strong></span> <span class='ocrx_word' id='word_1_115' title='bbox 1502 1341 1743 1392; x_wconf 76' lang='lat' dir='ltr'>credibile</span> <span class='ocrx_word' id='word_1_116' title='bbox 1765 1340 1947 1390; x_wconf 76' lang='lat' dir='ltr'><strong>fatetur</strong></span> <span class='ocrx_word' id='word_1_117' title='bbox 1962 1377 1978 1405; x_wconf 92' lang='lat'><strong><em>‚</em></strong></span> <span class='ocrx_word' id='word_1_118' title='bbox 2010 1346 2062 1389; x_wconf 85' lang='lat' dir='ltr'><strong>at</strong></span> <span class='ocrx_word' id='word_1_119' title='bbox 2085 1349 2360 1410; x_wconf 84' lang='lat' dir='ltr'><strong>suspectam</strong></span> <span class='ocrx_word' id='word_1_120' title='bbox 2383 1351 2460 1394; x_wconf 82' lang='lat' dir='ltr'><strong>ta-</strong></span> 
     </span>
     <span class='ocr_line' id='line_1_12' title="bbox 433 1419 2464 1501; baseline -0 -16"><span class='ocrx_word' id='word_1_121' title='bbox 433 1453 547 1486; x_wconf 87' lang='lat' dir='ltr'><strong>men</strong></span> <span class='ocrx_word' id='word_1_122' title='bbox 568 1419 672 1486; x_wconf 74' lang='lat' dir='ltr'><strong>esse</strong></span> <span class='ocrx_word' id='word_1_123' title='bbox 690 1436 872 1486; x_wconf 79' lang='lat' dir='ltr'><strong>samam</strong></span> <span class='ocrx_word' id='word_1_124' title='bbox 893 1437 1191 1501; x_wconf 80' lang='lat' dir='ltr'><strong>scriptorum</strong></span> <span class='ocrx_word' id='word_1_125' title='bbox 1218 1435 1554 1482; x_wconf 80' lang='lat' dir='ltr'><strong>Romanorum</strong></span> <span class='ocrx_word' id='word_1_126' title='bbox 1581 1447 1724 1479; x_wconf 89' lang='lat' dir='ltr'><strong>more</strong></span> <span class='ocrx_word' id='word_1_127' title='bbox 1750 1431 1906 1498; x_wconf 75' lang='lat' dir='ltr'><strong>multa</strong></span> <span class='ocrx_word' id='word_1_128' title='bbox 1929 1431 1982 1478; x_wconf 89' lang='lat' dir='ltr'><strong>in</strong></span> <span class='ocrx_word' id='word_1_129' title='bbox 2005 1432 2292 1481; x_wconf 78' lang='lat' dir='ltr'><strong>Graecorum</strong></span> <span class='ocrx_word' id='word_1_130' title='bbox 2313 1435 2464 1484; x_wconf 88' lang='lat' dir='ltr'><strong>rebus</strong></span> 
     </span>
     <span class='ocr_line' id='line_1_13' title="bbox 430 1520 2459 1585; baseline -0.001 -10"><span class='ocrx_word' id='word_1_131' title='bbox 430 1527 642 1575; x_wconf 85' lang='lat' dir='ltr'><strong>obscura</strong></span> <span class='ocrx_word' id='word_1_132' title='bbox 662 1526 726 1574; x_wconf 88' lang='lat' dir='ltr'><strong>ad</strong></span> <span class='ocrx_word' id='word_1_133' title='bbox 765 1527 981 1574; x_wconf 79' lang='lat' dir='ltr'><strong>Athenas</strong></span> <span class='ocrx_word' id='word_1_134' title='bbox 1002 1530 1189 1574; x_wconf 83' lang='lat' dir='ltr'><strong>temere</strong></span> <span class='ocrx_word' id='word_1_135' title='bbox 1220 1521 1465 1571; x_wconf 74' lang='lat' dir='ltr'><strong>referendi</strong></span> <span class='ocrx_word' id='word_1_136' title='bbox 1478 1536 1496 1585; x_wconf 85' lang='lat'>3</span> <span class='ocrx_word' id='word_1_137' title='bbox 1531 1521 1675 1585; x_wconf 90' lang='lat' dir='ltr'><strong>cujus</strong></span> <span class='ocrx_word' id='word_1_138' title='bbox 1712 1520 2004 1569; x_wconf 83' lang='lat' dir='ltr'><strong>temeritatis</strong></span> <span class='ocrx_word' id='word_1_139' title='bbox 2038 1530 2382 1583; x_wconf 74' lang='lat' dir='ltr'><strong>argumentum</strong></span> <span class='ocrx_word' id='word_1_140' title='bbox 2406 1525 2459 1573; x_wconf 89' lang='lat' dir='ltr'><strong>in</strong></span> 
     </span>
     <span class='ocr_line' id='line_1_14' title="bbox 430 1612 2465 1680; baseline -0.001 -14"><span class='ocrx_word' id='word_1_141' title='bbox 430 1618 490 1666; x_wconf 88' lang='lat' dir='ltr'><strong>iis</strong></span> <span class='ocrx_word' id='word_1_142' title='bbox 511 1617 678 1680; x_wconf 88' lang='lat' dir='ltr'><strong>cerni,</strong></span> <span class='ocrx_word' id='word_1_143' title='bbox 708 1632 821 1680; x_wconf 77' lang='lat' dir='ltr'><strong>quoe</strong></span> <span class='ocrx_word' id='word_1_144' title='bbox 835 1653 853 1679; x_wconf 89' lang='lat'><strong>‚</strong></span> <span class='ocrx_word' id='word_1_145' title='bbox 873 1622 1072 1664; x_wconf 87' lang='lat' dir='ltr'><strong>narrata</strong></span> <span class='ocrx_word' id='word_1_146' title='bbox 1093 1615 1155 1662; x_wconf 87' lang='lat' dir='ltr'><strong>ab</strong></span> <span class='ocrx_word' id='word_1_147' title='bbox 1180 1615 1276 1662; x_wconf 86' lang='lat' dir='ltr'><strong>illis</strong></span> <span class='ocrx_word' id='word_1_148' title='bbox 1290 1650 1306 1676; x_wconf 93' lang='lat'><strong>,</strong></span> <span class='ocrx_word' id='word_1_149' title='bbox 1341 1612 1654 1662; x_wconf 87' lang='lat' dir='ltr'><strong>incredibilia</strong></span> <span class='ocrx_word' id='word_1_150' title='bbox 1675 1628 1778 1661; x_wconf 78' lang='lat' dir='ltr'><strong>esse</strong></span> <span class='ocrx_word' id='word_1_151' title='bbox 1794 1649 1810 1676; x_wconf 86' lang='lat'><strong>,</strong></span> <span class='ocrx_word' id='word_1_152' title='bbox 1849 1612 1954 1676; x_wconf 88' lang='lat' dir='ltr'><strong>ipsa</strong></span> <span class='ocrx_word' id='word_1_153' title='bbox 1982 1612 2315 1678; x_wconf 65' lang='lat' dir='ltr'><strong>chronologia</strong></span> <span class='ocrx_word' id='word_1_154' title='bbox 2335 1616 2465 1663; x_wconf 86' lang='lat' dir='ltr'><strong>ratio</strong></span> 
     </span>
     <span class='ocr_line' id='line_1_15' title="bbox 430 1700 2461 1769; baseline -0.002 -12"><span class='ocrx_word' id='word_1_155' title='bbox 430 1708 748 1757; x_wconf 75' lang='lat' dir='ltr'><strong>demonstret.</strong></span> <span class='ocrx_word' id='word_1_156' title='bbox 767 1706 860 1769; x_wconf 85' lang='lat' dir='ltr'><strong>Qui</strong></span> <span class='ocrx_word' id='word_1_157' title='bbox 883 1706 1100 1755; x_wconf 80' lang='lat' dir='ltr'><strong>Athenas</strong></span> <span class='ocrx_word' id='word_1_158' title='bbox 1127 1718 1229 1750; x_wconf 87' lang='lat' dir='ltr'><strong>non</strong></span> <span class='ocrx_word' id='word_1_159' title='bbox 1251 1701 1459 1765; x_wconf 73' lang='lat' dir='ltr'><strong>venisse,</strong></span> <span class='ocrx_word' id='word_1_160' title='bbox 1482 1716 1598 1764; x_wconf 89' lang='lat' dir='ltr'><strong>nec,</strong></span> <span class='ocrx_word' id='word_1_161' title='bbox 1625 1717 1718 1750; x_wconf 87' lang='lat' dir='ltr'><strong>cur</strong></span> <span class='ocrx_word' id='word_1_162' title='bbox 1743 1700 1865 1749; x_wconf 82' lang='lat' dir='ltr'><strong>hinc</strong></span> <span class='ocrx_word' id='word_1_163' title='bbox 1886 1701 2056 1750; x_wconf 72' lang='lat' dir='ltr'><strong>inxll</strong></span> <span class='ocrx_word' id='word_1_164' title='bbox 2074 1702 2288 1752; x_wconf 83' lang='lat' dir='ltr'><strong>Tabulas</strong></span> <span class='ocrx_word' id='word_1_165' title='bbox 2310 1704 2461 1768; x_wconf 88' lang='lat' dir='ltr'><strong>quid-</strong></span> 
     </span>
     <span class='ocr_line' id='line_1_16' title="bbox 431 1792 2462 1861; baseline -0.001 -16"><span class='ocrx_word' id='word_1_166' title='bbox 431 1812 582 1860; x_wconf 89' lang='lat' dir='ltr'><strong>quam</strong></span> <span class='ocrx_word' id='word_1_167' title='bbox 612 1796 924 1861; x_wconf 76' lang='lat' dir='ltr'><strong>migraverit,</strong></span> <span class='ocrx_word' id='word_1_168' title='bbox 943 1796 1033 1858; x_wconf 86' lang='lat' dir='ltr'><strong>qui</strong></span> <span class='ocrx_word' id='word_1_169' title='bbox 1056 1795 1214 1859; x_wconf 86' lang='lat' dir='ltr'><strong>ipsam</strong></span> <span class='ocrx_word' id='word_1_170' title='bbox 1246 1792 1543 1857; x_wconf 71' lang='lat' dir='ltr'><strong>legationem</strong></span> <span class='ocrx_word' id='word_1_171' title='bbox 1578 1792 1843 1841; x_wconf 86' lang='lat' dir='ltr'><strong>confictam</strong></span> <span class='ocrx_word' id='word_1_172' title='bbox 1881 1793 2082 1856; x_wconf 77' lang='lat' dir='ltr'><strong>volunt,</strong></span> <span class='ocrx_word' id='word_1_173' title='bbox 2111 1793 2344 1858; x_wconf 89' lang='lat' dir='ltr'><strong>omnino,</strong></span> <span class='ocrx_word' id='word_1_174' title='bbox 2367 1810 2462 1843; x_wconf 87' lang='lat' dir='ltr'><strong>cur</strong></span> 
     </span>
     <span class='ocr_line' id='line_1_17' title="bbox 428 1879 2460 1948; baseline -0.001 -15"><span class='ocrx_word' id='word_1_175' title='bbox 428 1885 527 1933; x_wconf 86' lang='lat' dir='ltr'><strong>illis</strong></span> <span class='ocrx_word' id='word_1_176' title='bbox 558 1890 772 1934; x_wconf 70' lang='lat' dir='ltr'><strong>externo</strong></span> <span class='ocrx_word' id='word_1_177' title='bbox 794 1884 1068 1948; x_wconf 73' lang='lat' dir='ltr'><strong>quidquam</strong></span> <span class='ocrx_word' id='word_1_178' title='bbox 1092 1882 1214 1945; x_wconf 74' lang='lat' dir='ltr'><strong>legis</strong></span> <span class='ocrx_word' id='word_1_179' title='bbox 1234 1886 1326 1931; x_wconf 89' lang='lat' dir='ltr'><strong>aut</strong></span> <span class='ocrx_word' id='word_1_180' title='bbox 1342 1879 1715 1929; x_wconf 73' lang='lat' dir='ltr'><strong>consuetudinis</strong></span> <span class='ocrx_word' id='word_1_181' title='bbox 1752 1879 2043 1944; x_wconf 75' lang='lat' dir='ltr'><strong>includant,</strong></span> <span class='ocrx_word' id='word_1_182' title='bbox 2072 1887 2460 1931; x_wconf 85' lang='lat' dir='ltr'><strong>consentaneum</strong></span> 
     </span>
     <span class='ocr_line' id='line_1_18' title="bbox 429 1969 2461 2039; baseline -0.001 -17"><span class='ocrx_word' id='word_1_183' title='bbox 429 1979 538 2035; x_wconf 66' lang='lat' dir='ltr'><strong>est,</strong></span> <span class='ocrx_word' id='word_1_184' title='bbox 560 1989 759 2023; x_wconf 81' lang='lat' dir='ltr'><strong>causam</strong></span> <span class='ocrx_word' id='word_1_185' title='bbox 782 1991 883 2023; x_wconf 88' lang='lat' dir='ltr'><strong>non</strong></span> <span class='ocrx_word' id='word_1_186' title='bbox 906 1973 1143 2039; x_wconf 85' lang='lat' dir='ltr'><strong>reperire.</strong></span> <span class='ocrx_word' id='word_1_187' title='bbox 1169 1972 1462 2035; x_wconf 75' lang='lat' dir='ltr'><strong>Quanquam</strong></span> <span class='ocrx_word' id='word_1_188' title='bbox 1481 2005 1499 2032; x_wconf 92' lang='lat'><strong>,</strong></span> <span class='ocrx_word' id='word_1_189' title='bbox 1534 1969 1576 2017; x_wconf 84' lang='lat' dir='ltr'><strong>si</strong></span> <span class='ocrx_word' id='word_1_190' title='bbox 1599 1970 1784 2032; x_wconf 78' lang='lat' dir='ltr'><strong>legatos</strong></span> <span class='ocrx_word' id='word_1_191' title='bbox 1807 1973 1860 2018; x_wconf 90' lang='lat' dir='ltr'><strong>et</strong></span> <span class='ocrx_word' id='word_1_192' title='bbox 1878 1970 2048 2018; x_wconf 84' lang='lat' dir='ltr'><strong>missos</strong></span> <span class='ocrx_word' id='word_1_193' title='bbox 2062 2007 2079 2034; x_wconf 91' lang='lat'><strong>,</strong></span> <span class='ocrx_word' id='word_1_194' title='bbox 2113 1974 2167 2019; x_wconf 85' lang='lat' dir='ltr'><strong>ct</strong></span> <span class='ocrx_word' id='word_1_195' title='bbox 2185 1986 2301 2019; x_wconf 88' lang='lat' dir='ltr'><strong>cum</strong></span> <span class='ocrx_word' id='word_1_196' title='bbox 2322 1971 2461 2019; x_wconf 63' lang='grc' dir='ltr'>(ξι-ω-</span> 
     </span>
     <span class='ocr_line' id='line_1_19' title="bbox 433 2057 2462 2124; baseline -0.002 -12"><span class='ocrx_word' id='word_1_197' title='bbox 433 2079 607 2113; x_wconf 87' lang='lat' dir='ltr'><strong>corum</strong></span> <span class='ocrx_word' id='word_1_198' title='bbox 642 2063 745 2113; x_wconf 86' lang='lat' dir='ltr'><strong>sive</strong></span> <span class='ocrx_word' id='word_1_199' title='bbox 774 2064 925 2112; x_wconf 67' lang='lat' dir='ltr'><strong>italio</strong></span> <span class='ocrx_word' id='word_1_200' title='bbox 956 2062 1058 2110; x_wconf 72' lang='lat' dir='ltr'><strong>sive</strong></span> <span class='ocrx_word' id='word_1_201' title='bbox 1090 2059 1532 2110; x_wconf 84' lang='lat' dir='ltr'><strong>transmarinorum</strong></span> <span class='ocrx_word' id='word_1_202' title='bbox 1563 2057 1755 2120; x_wconf 77' lang='lat' dir='ltr'><strong>legibus</strong></span> <span class='ocrx_word' id='word_1_203' title='bbox 1786 2073 1891 2106; x_wconf 84' lang='lat' dir='ltr'><strong>esse</strong></span> <span class='ocrx_word' id='word_1_204' title='bbox 1934 2074 2153 2107; x_wconf 83' lang='lat' dir='ltr'><strong>reversos</strong></span> <span class='ocrx_word' id='word_1_205' title='bbox 2184 2060 2426 2108; x_wconf 79' lang='lat' dir='ltr'><strong>concedas</strong></span> <span class='ocrx_word' id='word_1_206' title='bbox 2443 2097 2462 2124; x_wconf 92' lang='lat'><strong>,</strong></span> 
     </span>
     <span class='ocr_line' id='line_1_20' title="bbox 432 2145 2464 2218; baseline -0.002 -17"><span class='ocrx_word' id='word_1_207' title='bbox 432 2167 497 2201; x_wconf 89' lang='lat' dir='ltr'><strong>ne</strong></span> <span class='ocrx_word' id='word_1_208' title='bbox 528 2145 603 2202; x_wconf 86' lang='lat' dir='ltr'><strong>sie</strong></span> <span class='ocrx_word' id='word_1_209' title='bbox 625 2153 855 2218; x_wconf 85' lang='lat' dir='ltr'><strong>quidem,</strong></span> <span class='ocrx_word' id='word_1_210' title='bbox 897 2149 1157 2216; x_wconf 72' lang='lat' dir='ltr'><strong>peregrina</strong></span> <span class='ocrx_word' id='word_1_211' title='bbox 1179 2162 1210 2196; x_wconf 86' lang='lat' dir='ltr'><strong>a</strong></span> <span class='ocrx_word' id='word_1_212' title='bbox 1245 2146 1544 2195; x_wconf 77' lang='lat' dir='ltr'><strong>Decemviris</strong></span> <span class='ocrx_word' id='word_1_213' title='bbox 1578 2146 1735 2194; x_wconf 84' lang='lat' dir='ltr'><strong>multa</strong></span> <span class='ocrx_word' id='word_1_214' title='bbox 1775 2151 1977 2210; x_wconf 82' lang='lat' dir='ltr'><strong>recepta</strong></span> <span class='ocrx_word' id='word_1_215' title='bbox 2010 2162 2146 2210; x_wconf 84' lang='lat' dir='ltr'><strong>esse,</strong></span> <span class='ocrx_word' id='word_1_216' title='bbox 2185 2149 2464 2198; x_wconf 87' lang='lat' dir='ltr'><strong>necessario</strong></span> 
     </span>
     <span class='ocr_line' id='line_1_21' title="bbox 432 2232 2459 2305; baseline -0.004 -13"><span class='ocrx_word' id='word_1_217' title='bbox 432 2246 795 2305; x_wconf 76' lang='lat' dir='ltr'><strong>consequetur-3</strong></span> <span class='ocrx_word' id='word_1_218' title='bbox 820 2245 899 2301; x_wconf 87' lang='lat' dir='ltr'><strong>et,</strong></span> <span class='ocrx_word' id='word_1_219' title='bbox 922 2242 1099 2286; x_wconf 88' lang='lat' dir='ltr'><strong>contra</strong></span> <span class='ocrx_word' id='word_1_220' title='bbox 1133 2234 1369 2283; x_wconf 84' lang='lat' dir='ltr'><strong>accidisse</strong></span> <span class='ocrx_word' id='word_1_221' title='bbox 1399 2249 1493 2281; x_wconf 90' lang='lat' dir='ltr'><strong>cur</strong></span> <span class='ocrx_word' id='word_1_222' title='bbox 1508 2232 1675 2298; x_wconf 86' lang='lat' dir='ltr'><strong>potius</strong></span> <span class='ocrx_word' id='word_1_223' title='bbox 1713 2232 1972 2281; x_wconf 74' lang='lat' dir='ltr'><strong>credamus</strong></span> <span class='ocrx_word' id='word_1_224' title='bbox 1988 2269 2005 2298; x_wconf 90' lang='lat'><strong>,</strong></span> <span class='ocrx_word' id='word_1_225' title='bbox 2040 2248 2159 2283; x_wconf 89' lang='lat' dir='ltr'><strong>cum</strong></span> <span class='ocrx_word' id='word_1_226' title='bbox 2191 2234 2286 2283; x_wconf 86' lang='lat' dir='ltr'><strong>alia</strong></span> <span class='ocrx_word' id='word_1_227' title='bbox 2305 2241 2422 2284; x_wconf 87' lang='lat' dir='ltr'><strong>sunt</strong></span> <span class='ocrx_word' id='word_1_228' title='bbox 2441 2273 2459 2298; x_wconf 91' lang='lat'>‚</span> 
     </span>
     <span class='ocr_line' id='line_1_22' title="bbox 430 2321 2459 2394; baseline -0.003 -16"><span class='ocrx_word' id='word_1_229' title='bbox 430 2346 545 2394; x_wconf 76' lang='lat' dir='ltr'><strong>quas</strong></span> <span class='ocrx_word' id='word_1_230' title='bbox 565 2329 767 2391; x_wconf 77' lang='lat' dir='ltr'><strong>longum</strong></span> <span class='ocrx_word' id='word_1_231' title='bbox 788 2328 874 2376; x_wconf 89' lang='lat' dir='ltr'><strong>hic</strong></span> <span class='ocrx_word' id='word_1_232' title='bbox 895 2324 1165 2388; x_wconf 69' lang='lat' dir='ltr'><strong>attingere,</strong></span> <span class='ocrx_word' id='word_1_233' title='bbox 1187 2327 1473 2388; x_wconf 77' lang='lat' dir='ltr'><strong>argumenta</strong></span> <span class='ocrx_word' id='word_1_234' title='bbox 1486 2359 1502 2386; x_wconf 91' lang='lat'><strong>,</strong></span> <span class='ocrx_word' id='word_1_235' title='bbox 1522 2325 1631 2370; x_wconf 90' lang='lat' dir='ltr'><strong>tum</strong></span> <span class='ocrx_word' id='word_1_236' title='bbox 1648 2321 1744 2370; x_wconf 73' lang='grc' dir='ltr'><strong>ΧΠ</strong></span> <span class='ocrx_word' id='word_1_237' title='bbox 1763 2322 2066 2371; x_wconf 81' lang='lat' dir='ltr'><strong>Tabularum</strong></span> <span class='ocrx_word' id='word_1_238' title='bbox 2095 2322 2320 2386; x_wconf 66' lang='lat' dir='ltr'><strong>reliquia</strong></span> <span class='ocrx_word' id='word_1_239' title='bbox 2338 2360 2354 2387; x_wconf 86' lang='lat'>‚</span> <span class='ocrx_word' id='word_1_240' title='bbox 2379 2323 2459 2388; x_wconf 87' lang='lat' dir='ltr'><strong>ip-</strong></span> 
     </span>
     <span class='ocr_line' id='line_1_23' title="bbox 430 2411 2464 2482; baseline -0.002 -13"><span class='ocrx_word' id='word_1_241' title='bbox 430 2419 631 2482; x_wconf 83' lang='lat' dir='ltr'><strong>siusque</strong></span> <span class='ocrx_word' id='word_1_242' title='bbox 649 2417 770 2481; x_wconf 72' lang='lat' dir='ltr'><strong>legis</strong></span> <span class='ocrx_word' id='word_1_243' title='bbox 789 2413 1131 2465; x_wconf 74' lang='lat' dir='ltr'><strong>decemviralis</strong></span> <span class='ocrx_word' id='word_1_244' title='bbox 1164 2413 1379 2463; x_wconf 76' lang='lat' dir='ltr'><strong>brevitas</strong></span> <span class='ocrx_word' id='word_1_245' title='bbox 1402 2411 1501 2473; x_wconf 87' lang='lat' dir='ltr'><strong>(cs.</strong></span> <span class='ocrx_word' id='word_1_246' title='bbox 1521 2411 1632 2462; x_wconf 90' lang='lat' dir='ltr'><strong>Cic.</strong></span> <span class='ocrx_word' id='word_1_247' title='bbox 1654 2413 1717 2461; x_wconf 74' lang='lat' dir='ltr'><strong>ds</strong></span> <span class='ocrx_word' id='word_1_248' title='bbox 1742 2412 1834 2463; x_wconf 77' lang='lat' dir='ltr'><strong>Or.</strong></span> <span class='ocrx_word' id='word_1_249' title='bbox 1857 2412 1883 2463; x_wconf 85' lang='grc'><strong>1</strong></span> <span class='ocrx_word' id='word_1_250' title='bbox 1898 2450 1916 2477; x_wconf 86' lang='grc'>,</span> <span class='ocrx_word' id='word_1_251' title='bbox 1941 2411 2060 2478; x_wconf 75' lang='grc'><strong>44.)</strong></span> <span class='ocrx_word' id='word_1_252' title='bbox 2081 2412 2343 2462; x_wconf 77' lang='lat' dir='ltr'><strong>Enimvero</strong></span> <span class='ocrx_word' id='word_1_253' title='bbox 2363 2429 2464 2464; x_wconf 86' lang='lat' dir='ltr'><strong>nec</strong></span> 
     </span>
     <span class='ocr_line' id='line_1_24' title="bbox 432 2501 2463 2572; baseline -0.002 -15"><span class='ocrx_word' id='word_1_254' title='bbox 432 2507 674 2559; x_wconf 79' lang='lat' dir='ltr'><strong>credibile</strong></span> <span class='ocrx_word' id='word_1_255' title='bbox 695 2512 797 2572; x_wconf 86' lang='lat' dir='ltr'><strong>est,</strong></span> <span class='ocrx_word' id='word_1_256' title='bbox 822 2506 1096 2568; x_wconf 80' lang='lat' dir='ltr'><strong>Romanos,</strong></span> <span class='ocrx_word' id='word_1_257' title='bbox 1133 2519 1259 2569; x_wconf 83' lang='lat' dir='ltr'><strong>quos</strong></span> <span class='ocrx_word' id='word_1_258' title='bbox 1281 2503 1509 2567; x_wconf 87' lang='lat' dir='ltr'><strong>alioquin</strong></span> <span class='ocrx_word' id='word_1_259' title='bbox 1534 2502 1874 2551; x_wconf 85' lang='lat' dir='ltr'><strong>institutorum</strong></span> <span class='ocrx_word' id='word_1_260' title='bbox 1902 2518 2106 2551; x_wconf 87' lang='lat' dir='ltr'><strong>suorum</strong></span> <span class='ocrx_word' id='word_1_261' title='bbox 2125 2501 2463 2553; x_wconf 83' lang='lat' dir='ltr'><strong>tenacissimos</strong></span> 
     </span>
     <span class='ocr_line' id='line_1_25' title="bbox 431 2589 2465 2657; baseline -0.002 -11"><span class='ocrx_word' id='word_1_262' title='bbox 431 2597 581 2646; x_wconf 78' lang='lat' dir='ltr'><strong>fuisse</strong></span> <span class='ocrx_word' id='word_1_263' title='bbox 608 2601 781 2645; x_wconf 88' lang='lat' dir='ltr'><strong>notum</strong></span> <span class='ocrx_word' id='word_1_264' title='bbox 801 2594 903 2656; x_wconf 75' lang='lat' dir='ltr'><strong>(cf.</strong></span> <span class='ocrx_word' id='word_1_265' title='bbox 925 2592 1149 2644; x_wconf 81' lang='lat' dir='ltr'><strong>Niebuhr</strong></span> <span class='ocrx_word' id='word_1_266' title='bbox 1170 2608 1221 2640; x_wconf 81' lang='lat' dir='ltr'><strong>v.</strong></span> <span class='ocrx_word' id='word_1_267' title='bbox 1243 2592 1295 2641; x_wconf 74' lang='lat'><strong>2.</strong></span> <span class='ocrx_word' id='word_1_268' title='bbox 1318 2608 1372 2657; x_wconf 87' lang='lat' dir='ltr'><strong>p.</strong></span> <span class='ocrx_word' id='word_1_269' title='bbox 1399 2589 1544 2657; x_wconf 90' lang='grc'><strong>110.)</strong></span> <span class='ocrx_word' id='word_1_270' title='bbox 1562 2626 1579 2654; x_wconf 87' lang='grc'>,</span> <span class='ocrx_word' id='word_1_271' title='bbox 1601 2591 1734 2653; x_wconf 78' lang='lat' dir='ltr'><strong>leges</strong></span> <span class='ocrx_word' id='word_1_272' title='bbox 1751 2625 1768 2653; x_wconf 90' lang='lat'><strong>,</strong></span> <span class='ocrx_word' id='word_1_273' title='bbox 1800 2605 1923 2653; x_wconf 87' lang='lat' dir='ltr'><strong>quas</strong></span> <span class='ocrx_word' id='word_1_274' title='bbox 1941 2625 1958 2654; x_wconf 90' lang='lat'><strong>,</strong></span> <span class='ocrx_word' id='word_1_275' title='bbox 1980 2590 2162 2638; x_wconf 75' lang='lat' dir='ltr'><strong>exactis</strong></span> <span class='ocrx_word' id='word_1_276' title='bbox 2174 2591 2280 2656; x_wconf 76' lang='lat' dir='ltr'><strong>jam</strong></span> <span class='ocrx_word' id='word_1_277' title='bbox 2299 2592 2465 2641; x_wconf 86' lang='lat' dir='ltr'><strong>tribus</strong></span> 
     </span>
     <span class='ocr_line' id='line_1_26' title="bbox 430 2678 2462 2749; baseline -0.002 -13"><span class='ocrx_word' id='word_1_278' title='bbox 430 2687 495 2736; x_wconf 85' lang='lat' dir='ltr'><strong>ab</strong></span> <span class='ocrx_word' id='word_1_279' title='bbox 517 2687 578 2736; x_wconf 87' lang='lat' dir='ltr'><strong>U.</strong></span> <span class='ocrx_word' id='word_1_280' title='bbox 602 2686 660 2735; x_wconf 89' lang='lat' dir='ltr'><strong>C.</strong></span> <span class='ocrx_word' id='word_1_281' title='bbox 682 2684 874 2734; x_wconf 66' lang='lat' dir='ltr'><strong>seculi·</strong></span> <span class='ocrx_word' id='word_1_282' title='bbox 891 2720 908 2749; x_wconf 92' lang='lat'>‚</span> <span class='ocrx_word' id='word_1_283' title='bbox 932 2684 1023 2733; x_wconf 86' lang='lat' dir='ltr'><strong>etsi</strong></span> <span class='ocrx_word' id='word_1_284' title='bbox 1045 2698 1147 2732; x_wconf 89' lang='lat' dir='ltr'><strong>non</strong></span> <span class='ocrx_word' id='word_1_285' title='bbox 1172 2680 1438 2730; x_wconf 85' lang='lat' dir='ltr'><strong>admodum</strong></span> <span class='ocrx_word' id='word_1_286' title='bbox 1462 2690 1750 2727; x_wconf 82' lang='lat' dir='ltr'><strong>numerosas</strong></span> <span class='ocrx_word' id='word_1_287' title='bbox 1771 2678 1994 2727; x_wconf 84' lang='lat' dir='ltr'><strong>habuere</strong></span> <span class='ocrx_word' id='word_1_288' title='bbox 2008 2714 2025 2742; x_wconf 92' lang='lat'><strong>,</strong></span> <span class='ocrx_word' id='word_1_289' title='bbox 2050 2682 2152 2727; x_wconf 83' lang='lat' dir='ltr'><strong>tam</strong></span> <span class='ocrx_word' id='word_1_290' title='bbox 2174 2679 2320 2729; x_wconf 73' lang='lat' dir='ltr'><strong>facile</strong></span> <span class='ocrx_word' id='word_1_291' title='bbox 2340 2696 2462 2731; x_wconf 87' lang='lat' dir='ltr'><strong>cum</strong></span> 
     </span>
     <span class='ocr_line' id='line_1_27' title="bbox 428 2766 2462 2842; baseline -0.003 -17"><span class='ocrx_word' id='word_1_292' title='bbox 428 2775 702 2842; x_wconf 73' lang='lat' dir='ltr'><strong>peregrinis</strong></span> <span class='ocrx_word' id='word_1_293' title='bbox 721 2777 1047 2823; x_wconf 70' lang='lat' dir='ltr'><strong>commutasse</strong></span> <span class='ocrx_word' id='word_1_294' title='bbox 1066 2808 1083 2837; x_wconf 91' lang='lat'><strong>,</strong></span> <span class='ocrx_word' id='word_1_295' title='bbox 1105 2777 1157 2820; x_wconf 89' lang='lat' dir='ltr'><strong>et</strong></span> <span class='ocrx_word' id='word_1_296' title='bbox 1187 2770 1239 2821; x_wconf 89' lang='lat' dir='ltr'><strong>in</strong></span> <span class='ocrx_word' id='word_1_297' title='bbox 1272 2769 1578 2819; x_wconf 83' lang='lat' dir='ltr'><strong>Tabularum</strong></span> <span class='ocrx_word' id='word_1_298' title='bbox 1613 2766 1837 2832; x_wconf 88' lang='lat' dir='ltr'><strong>reliquiis</strong></span> <span class='ocrx_word' id='word_1_299' title='bbox 1871 2771 2182 2833; x_wconf 85' lang='lat' dir='ltr'><strong>occurrunt,</strong></span> <span class='ocrx_word' id='word_1_300' title='bbox 2215 2783 2330 2833; x_wconf 67' lang='lat' dir='ltr'><strong>quaa</strong></span> <span class='ocrx_word' id='word_1_301' title='bbox 2366 2769 2462 2834; x_wconf 85' lang='lat' dir='ltr'><strong>ipsi</strong></span> 
     </span>
     <span class='ocr_line' id='line_1_28' title="bbox 430 2858 2460 2929; baseline -0.003 -14"><span class='ocrx_word' id='word_1_302' title='bbox 430 2871 647 2929; x_wconf 74' lang='lat' dir='ltr'><strong>veteres,</strong></span> <span class='ocrx_word' id='word_1_303' title='bbox 672 2865 769 2914; x_wconf 85' lang='lat' dir='ltr'><strong>alia</strong></span> <span class='ocrx_word' id='word_1_304' title='bbox 789 2882 818 2915; x_wconf 93' lang='lat' dir='ltr'><strong>e</strong></span> <span class='ocrx_word' id='word_1_305' title='bbox 842 2880 1015 2929; x_wconf 75' lang='lat' dir='ltr'><strong>regum</strong></span> <span class='ocrx_word' id='word_1_306' title='bbox 1028 2900 1044 2926; x_wconf 93' lang='lat'><strong>,</strong></span> <span class='ocrx_word' id='word_1_307' title='bbox 1071 2861 1169 2911; x_wconf 85' lang='lat' dir='ltr'><strong>alia</strong></span> <span class='ocrx_word' id='word_1_308' title='bbox 1185 2878 1214 2910; x_wconf 89' lang='lat' dir='ltr'><strong>c</strong></span> <span class='ocrx_word' id='word_1_309' title='bbox 1232 2861 1405 2910; x_wconf 73' lang='lat' dir='ltr'><strong>libem</strong></span> <span class='ocrx_word' id='word_1_310' title='bbox 1420 2859 1526 2923; x_wconf 82' lang='lat' dir='ltr'><strong>jam</strong></span> <span class='ocrx_word' id='word_1_311' title='bbox 1547 2858 1760 2907; x_wconf 77' lang='lat' dir='ltr'><strong>civitatis</strong></span> <span class='ocrx_word' id='word_1_312' title='bbox 1779 2861 1955 2922; x_wconf 61' lang='lat' dir='ltr'><strong>atate,</strong></span> <span class='ocrx_word' id='word_1_313' title='bbox 1976 2862 2176 2922; x_wconf 86' lang='lat' dir='ltr'><strong>recepta</strong></span> <span class='ocrx_word' id='word_1_314' title='bbox 2196 2862 2460 2908; x_wconf 70' lang='lat' dir='ltr'><strong>testantur.</strong></span> 
     </span>
     <span class='ocr_line' id='line_1_29' title="bbox 378 2943 2461 3025; baseline -0.004 -23"><span class='ocrx_word' id='word_1_315' title='bbox 378 3019 385 3025; x_wconf 85' lang='lat'><strong>.</strong></span> <span class='ocrx_word' id='word_1_316' title='bbox 431 2955 602 3017; x_wconf 74' lang='lat' dir='ltr'><strong>Neque</strong></span> <span class='ocrx_word' id='word_1_317' title='bbox 620 2969 737 3001; x_wconf 78' lang='lat' dir='ltr'><strong>vero</strong></span> <span class='ocrx_word' id='word_1_318' title='bbox 761 2952 813 3000; x_wconf 91' lang='lat' dir='ltr'><strong>in</strong></span> <span class='ocrx_word' id='word_1_319' title='bbox 832 2951 1021 3002; x_wconf 75' lang='lat' dir='ltr'><strong>caeteris</strong></span> <span class='ocrx_word' id='word_1_320' title='bbox 1038 2948 1263 3012; x_wconf 86' lang='lat' dir='ltr'><strong>reliquiis</strong></span> <span class='ocrx_word' id='word_1_321' title='bbox 1275 2984 1291 3010; x_wconf 92' lang='lat'><strong>,</strong></span> <span class='ocrx_word' id='word_1_322' title='bbox 1314 2947 1521 3012; x_wconf 83' lang='lat' dir='ltr'><strong>opinor,</strong></span> <span class='ocrx_word' id='word_1_323' title='bbox 1544 2945 1703 2995; x_wconf 76' lang='lat' dir='ltr'><strong>multa</strong></span> <span class='ocrx_word' id='word_1_324' title='bbox 1725 2944 1872 2993; x_wconf 69' lang='lat' dir='ltr'><strong>facile</strong></span> <span class='ocrx_word' id='word_1_325' title='bbox 1896 2944 2141 3009; x_wconf 84' lang='lat' dir='ltr'><strong>reperias,</strong></span> <span class='ocrx_word' id='word_1_326' title='bbox 2161 2943 2224 2992; x_wconf 89' lang='lat' dir='ltr'><strong>de</strong></span> <span class='ocrx_word' id='word_1_327' title='bbox 2241 2946 2426 3008; x_wconf 86' lang='lat' dir='ltr'><strong>quibus</strong></span> <span class='ocrx_word' id='word_1_328' title='bbox 2439 2983 2461 3009; x_wconf 86' lang='lat'><em>‚</em></span> 
     </span>
     <span class='ocr_line' id='line_1_30' title="bbox 432 3031 2459 3100; baseline -0.004 -10"><span class='ocrx_word' id='word_1_329' title='bbox 432 3056 497 3090; x_wconf 82' lang='lat' dir='ltr'><strong>an</strong></span> <span class='ocrx_word' id='word_1_330' title='bbox 516 3058 545 3089; x_wconf 94' lang='lat' dir='ltr'><strong>e</strong></span> <span class='ocrx_word' id='word_1_331' title='bbox 570 3041 857 3089; x_wconf 68' lang='lat' dir='ltr'><strong>Grocorum</strong></span> <span class='ocrx_word' id='word_1_332' title='bbox 891 3038 1084 3100; x_wconf 71' lang='lat' dir='ltr'><strong>legibus</strong></span> <span class='ocrx_word' id='word_1_333' title='bbox 1112 3037 1213 3085; x_wconf 86' lang='lat' dir='ltr'><strong>sint</strong></span> <span class='ocrx_word' id='word_1_334' title='bbox 1231 3035 1384 3099; x_wconf 84' lang='lat' dir='ltr'><strong>petita</strong></span> <span class='ocrx_word' id='word_1_335' title='bbox 1405 3069 1422 3097; x_wconf 90' lang='lat'><strong>,</strong></span> <span class='ocrx_word' id='word_1_336' title='bbox 1456 3034 1598 3081; x_wconf 83' lang='lat' dir='ltr'><strong>nulla</strong></span> <span class='ocrx_word' id='word_1_337' title='bbox 1629 3031 1964 3082; x_wconf 81' lang='lat' dir='ltr'><strong>controversia</strong></span> <span class='ocrx_word' id='word_1_338' title='bbox 1994 3032 2336 3095; x_wconf 71' lang='lat' dir='ltr'><strong>relinquatur5</strong></span> <span class='ocrx_word' id='word_1_339' title='bbox 2353 3048 2459 3095; x_wconf 86' lang='lat' dir='ltr'><strong>quo</strong></span> 
     </span>
     <span class='ocr_line' id='line_1_31' title="bbox 430 3118 2455 3187; baseline -0.003 -11"><span class='ocrx_word' id='word_1_340' title='bbox 430 3127 575 3179; x_wconf 86' lang='lat' dir='ltr'><strong>citius</strong></span> <span class='ocrx_word' id='word_1_341' title='bbox 597 3127 651 3175; x_wconf 93' lang='lat' dir='ltr'><strong>in</strong></span> <span class='ocrx_word' id='word_1_342' title='bbox 676 3127 773 3176; x_wconf 81' lang='lat' dir='ltr'><strong>xn</strong></span> <span class='ocrx_word' id='word_1_343' title='bbox 794 3124 998 3174; x_wconf 87' lang='lat' dir='ltr'><strong>Tabulis</strong></span> <span class='ocrx_word' id='word_1_344' title='bbox 1034 3123 1271 3187; x_wconf 85' lang='lat' dir='ltr'><strong>majorem</strong></span> <span class='ocrx_word' id='word_1_345' title='bbox 1303 3122 1479 3185; x_wconf 89' lang='lat' dir='ltr'><strong>utique</strong></span> <span class='ocrx_word' id='word_1_346' title='bbox 1502 3126 1695 3186; x_wconf 83' lang='lat' dir='ltr'><strong>partem</strong></span> <span class='ocrx_word' id='word_1_347' title='bbox 1716 3120 1888 3185; x_wconf 84' lang='lat' dir='ltr'><strong>patriis</strong></span> <span class='ocrx_word' id='word_1_348' title='bbox 1910 3118 2146 3169; x_wconf 80' lang='lat' dir='ltr'><strong>institutis</strong></span> <span class='ocrx_word' id='word_1_349' title='bbox 2165 3134 2269 3168; x_wconf 83' lang='lat' dir='ltr'><strong>esse</strong></span> <span class='ocrx_word' id='word_1_350' title='bbox 2291 3119 2455 3169; x_wconf 87' lang='lat' dir='ltr'><strong>tribu-</strong></span> 
     </span>
     <span class='ocr_line' id='line_1_32' title="bbox 431 3208 2460 3278; baseline -0.005 -11"><span class='ocrx_word' id='word_1_351' title='bbox 431 3224 534 3268; x_wconf 87' lang='lat' dir='ltr'><strong>tam</strong></span> <span class='ocrx_word' id='word_1_352' title='bbox 554 3217 917 3278; x_wconf 79' lang='lat' dir='ltr'><strong>existimemus3</strong></span> <span class='ocrx_word' id='word_1_353' title='bbox 952 3212 1104 3276; x_wconf 86' lang='lat' dir='ltr'><strong>idque</strong></span> <span class='ocrx_word' id='word_1_354' title='bbox 1125 3214 1377 3272; x_wconf 78' lang='lat' dir='ltr'><strong>tenentes,</strong></span> <span class='ocrx_word' id='word_1_355' title='bbox 1412 3210 1466 3259; x_wconf 90' lang='lat' dir='ltr'><strong>in</strong></span> <span class='ocrx_word' id='word_1_356' title='bbox 1495 3215 1634 3259; x_wconf 84' lang='lat' dir='ltr'><strong>tanta</strong></span> <span class='ocrx_word' id='word_1_357' title='bbox 1655 3209 1817 3275; x_wconf 85' lang='lat' dir='ltr'><strong>operis</strong></span> <span class='ocrx_word' id='word_1_358' title='bbox 1848 3208 2091 3257; x_wconf 74' lang='lat' dir='ltr'><strong>brevitate</strong></span> <span class='ocrx_word' id='word_1_359' title='bbox 2111 3213 2261 3271; x_wconf 80' lang='lat' dir='ltr'><strong>atque</strong></span> <span class='ocrx_word' id='word_1_360' title='bbox 2281 3208 2460 3272; x_wconf 75' lang='lat' dir='ltr'><strong>exiguo</strong></span> 
     </span>
     <span class='ocr_line' id='line_1_33' title="bbox 429 3297 2458 3373; baseline -0.004 -17"><span class='ocrx_word' id='word_1_361' title='bbox 429 3308 650 3373; x_wconf 85' lang='lat' dir='ltr'><strong>capitum</strong></span> <span class='ocrx_word' id='word_1_362' title='bbox 684 3319 921 3367; x_wconf 88' lang='lat' dir='ltr'><strong>numero,</strong></span> <span class='ocrx_word' id='word_1_363' title='bbox 935 3303 1042 3368; x_wconf 80' lang='lat' dir='ltr'><strong>jam</strong></span> <span class='ocrx_word' id='word_1_364' title='bbox 1069 3300 1249 3349; x_wconf 89' lang='lat' dir='ltr'><strong>merito</strong></span> <span class='ocrx_word' id='word_1_365' title='bbox 1267 3334 1285 3362; x_wconf 94' lang='lat'><strong>,</strong></span> <span class='ocrx_word' id='word_1_366' title='bbox 1315 3298 1587 3363; x_wconf 72' lang='lat' dir='ltr'><strong>peregrinis</strong></span> <span class='ocrx_word' id='word_1_367' title='bbox 1610 3314 1712 3347; x_wconf 87' lang='lat' dir='ltr'><strong>non</strong></span> <span class='ocrx_word' id='word_1_368' title='bbox 1746 3297 1962 3347; x_wconf 86' lang='lat' dir='ltr'><strong>multum</strong></span> <span class='ocrx_word' id='word_1_369' title='bbox 1983 3298 2127 3362; x_wconf 86' lang='lat' dir='ltr'><strong>spatii</strong></span> <span class='ocrx_word' id='word_1_370' title='bbox 2165 3312 2418 3362; x_wconf 84' lang='lat' dir='ltr'><strong>superasse</strong></span> <span class='ocrx_word' id='word_1_371' title='bbox 2437 3336 2458 3362; x_wconf 84' lang='lat'><strong>,</strong></span> 
     </span>
     <span class='ocr_line' id='line_1_34' title="bbox 433 3386 2458 3461; baseline -0.004 -16"><span class='ocrx_word' id='word_1_372' title='bbox 433 3394 771 3461; x_wconf 84' lang='lat' dir='ltr'><strong>conjiciemus.</strong></span> <span class='ocrx_word' id='word_1_373' title='bbox 791 3390 883 3440; x_wconf 83' lang='lat' dir='ltr'><strong>Sed</strong></span> <span class='ocrx_word' id='word_1_374' title='bbox 902 3389 1038 3439; x_wconf 84' lang='lat' dir='ltr'><strong>aliud</strong></span> <span class='ocrx_word' id='word_1_375' title='bbox 1051 3425 1068 3453; x_wconf 90' lang='lat'><strong>,</strong></span> <span class='ocrx_word' id='word_1_376' title='bbox 1091 3404 1251 3454; x_wconf 84' lang='lat' dir='ltr'><strong>pauca</strong></span> <span class='ocrx_word' id='word_1_377' title='bbox 1268 3404 1328 3437; x_wconf 83' lang='lat' dir='ltr'><strong>ex</strong></span> <span class='ocrx_word' id='word_1_378' title='bbox 1343 3387 1421 3436; x_wconf 88' lang='lat' dir='ltr'><strong>his</strong></span> <span class='ocrx_word' id='word_1_379' title='bbox 1436 3422 1452 3450; x_wconf 92' lang='lat'><strong>,</strong></span> <span class='ocrx_word' id='word_1_380' title='bbox 1477 3387 1614 3435; x_wconf 90' lang='lat' dir='ltr'><strong>aliud</strong></span> <span class='ocrx_word' id='word_1_381' title='bbox 1627 3423 1644 3452; x_wconf 93' lang='lat'><strong>,</strong></span> <span class='ocrx_word' id='word_1_382' title='bbox 1667 3386 1794 3435; x_wconf 87' lang='lat' dir='ltr'><strong>nihil</strong></span> <span class='ocrx_word' id='word_1_383' title='bbox 1816 3392 2078 3452; x_wconf 83' lang='lat' dir='ltr'><strong>acceptum</strong></span> <span class='ocrx_word' id='word_1_384' title='bbox 2099 3402 2205 3436; x_wconf 79' lang='lat' dir='ltr'><strong>esse</strong></span> <span class='ocrx_word' id='word_1_385' title='bbox 2219 3424 2235 3451; x_wconf 91' lang='lat'><strong><em>‚</em></strong></span> <span class='ocrx_word' id='word_1_386' title='bbox 2254 3393 2458 3437; x_wconf 83' lang='lat' dir='ltr'><strong>conten-</strong></span> 
     </span>
     <span class='ocr_line' id='line_1_35' title="bbox 433 3476 2457 3550; baseline -0.004 -16"><span class='ocrx_word' id='word_1_387' title='bbox 433 3486 549 3534; x_wconf 86' lang='lat' dir='ltr'><strong>dere</strong></span> <span class='ocrx_word' id='word_1_388' title='bbox 574 3484 671 3550; x_wconf 76' lang='lat' dir='ltr'><strong>(cs.</strong></span> <span class='ocrx_word' id='word_1_389' title='bbox 694 3480 1025 3532; x_wconf 73' lang='lat' dir='ltr'><strong>Macieiowski</strong></span> <span class='ocrx_word' id='word_1_390' title='bbox 1056 3495 1110 3543; x_wconf 89' lang='lat' dir='ltr'><strong>p.</strong></span> <span class='ocrx_word' id='word_1_391' title='bbox 1143 3478 1197 3528; x_wconf 84' lang='lat'><strong>5.</strong></span> <span class='ocrx_word' id='word_1_392' title='bbox 1212 3484 1259 3539; x_wconf 88' lang='lat'><strong>):</strong></span> <span class='ocrx_word' id='word_1_393' title='bbox 1295 3477 1435 3540; x_wconf 84' lang='lat' dir='ltr'><strong>quod</strong></span> <span class='ocrx_word' id='word_1_394' title='bbox 1457 3482 1567 3525; x_wconf 90' lang='lat' dir='ltr'><strong>tum</strong></span> <span class='ocrx_word' id='word_1_395' title='bbox 1588 3481 1815 3526; x_wconf 78' lang='lat' dir='ltr'><strong>veterum</strong></span> <span class='ocrx_word' id='word_1_396' title='bbox 1839 3476 2120 3525; x_wconf 80' lang='lat' dir='ltr'><strong>testimonia</strong></span> <span class='ocrx_word' id='word_1_397' title='bbox 2151 3481 2318 3525; x_wconf 79' lang='lat' dir='ltr'><strong>vetant</strong></span> <span class='ocrx_word' id='word_1_398' title='bbox 2353 3476 2457 3541; x_wconf 80' lang='lat' dir='ltr'><strong>(cs.</strong></span> 
     </span>
     <span class='ocr_line' id='line_1_36' title="bbox 432 3567 2460 3642; baseline -0.005 -16"><span class='ocrx_word' id='word_1_399' title='bbox 432 3577 635 3642; x_wconf 74' lang='lat' dir='ltr'><strong>Dionys.</strong></span> <span class='ocrx_word' id='word_1_400' title='bbox 669 3574 759 3638; x_wconf 85' lang='lat'><strong>10,</strong></span> <span class='ocrx_word' id='word_1_401' title='bbox 782 3571 930 3637; x_wconf 58' lang='lat'><strong>572),</strong></span> <span class='ocrx_word' id='word_1_402' title='bbox 963 3576 1072 3620; x_wconf 90' lang='lat' dir='ltr'><strong>tum</strong></span> <span class='ocrx_word' id='word_1_403' title='bbox 1091 3584 1211 3619; x_wconf 78' lang='lat' dir='ltr'><strong>vero</strong></span> <span class='ocrx_word' id='word_1_404' title='bbox 1231 3568 1310 3618; x_wconf 79' lang='lat' dir='ltr'><strong>vix</strong></span> <span class='ocrx_word' id='word_1_405' title='bbox 1334 3584 1437 3617; x_wconf 87' lang='lat' dir='ltr'><strong>non</strong></span> <span class='ocrx_word' id='word_1_406' title='bbox 1466 3568 1739 3617; x_wconf 87' lang='lat' dir='ltr'><strong>absurdum</strong></span> <span class='ocrx_word' id='word_1_407' title='bbox 1763 3568 1816 3615; x_wconf 90' lang='lat' dir='ltr'><strong>in</strong></span> <span class='ocrx_word' id='word_1_408' title='bbox 1850 3567 1910 3617; x_wconf 85' lang='lat' dir='ltr'><strong>iis</strong></span> <span class='ocrx_word' id='word_1_409' title='bbox 1932 3568 2090 3618; x_wconf 79' lang='lat' dir='ltr'><strong>videri</strong></span> <span class='ocrx_word' id='word_1_410' title='bbox 2121 3568 2309 3618; x_wconf 86' lang='lat' dir='ltr'><strong>diceres</strong></span> <span class='ocrx_word' id='word_1_411' title='bbox 2326 3604 2342 3630; x_wconf 92' lang='lat'><strong>,</strong></span> <span class='ocrx_word' id='word_1_412' title='bbox 2365 3567 2460 3629; x_wconf 87' lang='lat' dir='ltr'><strong>qui</strong></span> 
     </span>
     <span class='ocr_line' id='line_1_37' title="bbox 430 3657 2455 3730; baseline -0.004 -14"><span class='ocrx_word' id='word_1_413' title='bbox 430 3667 615 3730; x_wconf 70' lang='lat' dir='ltr'><strong>legatos</strong></span> <span class='ocrx_word' id='word_1_414' title='bbox 635 3665 689 3714; x_wconf 89' lang='lat' dir='ltr'><strong>in</strong></span> <span class='ocrx_word' id='word_1_415' title='bbox 705 3664 948 3714; x_wconf 64' lang='lat' dir='ltr'><strong>erocum</strong></span> <span class='ocrx_word' id='word_1_416' title='bbox 965 3660 1137 3710; x_wconf 83' lang='lat' dir='ltr'><strong>missos</strong></span> <span class='ocrx_word' id='word_1_417' title='bbox 1155 3676 1257 3709; x_wconf 84' lang='lat' dir='ltr'><strong>non</strong></span> <span class='ocrx_word' id='word_1_418' title='bbox 1274 3659 1584 3722; x_wconf 75' lang='lat' dir='ltr'><strong>negaverint.</strong></span> <span class='ocrx_word' id='word_1_419' title='bbox 1607 3659 1718 3708; x_wconf 77' lang='lat' dir='ltr'><strong>Huc</strong></span> <span class='ocrx_word' id='word_1_420' title='bbox 1737 3673 1839 3707; x_wconf 87' lang='lat' dir='ltr'><strong>non</strong></span> <span class='ocrx_word' id='word_1_421' title='bbox 1857 3659 1964 3708; x_wconf 74' lang='lat' dir='ltr'><strong>leve</strong></span> <span class='ocrx_word' id='word_1_422' title='bbox 1977 3695 1996 3724; x_wconf 87' lang='lat'><strong><em>‚</em></strong></span> <span class='ocrx_word' id='word_1_423' title='bbox 2015 3659 2161 3722; x_wconf 87' lang='lat' dir='ltr'><strong>licet,</strong></span> <span class='ocrx_word' id='word_1_424' title='bbox 2186 3657 2455 3724; x_wconf 76' lang='lat' dir='ltr'><strong>addamus3</strong></span> 
     </span>
     <span class='ocr_line' id='line_1_38' title="bbox 432 3744 2453 3819; baseline -0.004 -15"><span class='ocrx_word' id='word_1_425' title='bbox 432 3754 569 3819; x_wconf 87' lang='lat' dir='ltr'><strong>quod</strong></span> <span class='ocrx_word' id='word_1_426' title='bbox 590 3753 890 3803; x_wconf 78' lang='lat' dir='ltr'><strong>decemviros</strong></span> <span class='ocrx_word' id='word_1_427' title='bbox 906 3752 960 3801; x_wconf 91' lang='lat' dir='ltr'><strong>in</strong></span> <span class='ocrx_word' id='word_1_428' title='bbox 978 3750 1171 3814; x_wconf 68' lang='lat' dir='ltr'><strong>legibus</strong></span> <span class='ocrx_word' id='word_1_429' title='bbox 1192 3747 1463 3797; x_wconf 80' lang='lat' dir='ltr'><strong>scribendis</strong></span> <span class='ocrx_word' id='word_1_430' title='bbox 1484 3748 1549 3795; x_wconf 81' lang='lat' dir='ltr'><strong>ab</strong></span> <span class='ocrx_word' id='word_1_431' title='bbox 1571 3747 1879 3797; x_wconf 80' lang='lat' dir='ltr'><strong>Hermodoro</strong></span> <span class='ocrx_word' id='word_1_432' title='bbox 1903 3744 1982 3816; x_wconf 85' lang='lat'><strong>(§.</strong></span> <span class='ocrx_word' id='word_1_433' title='bbox 2004 3747 2120 3796; x_wconf 79' lang='lat'><strong>205.</strong></span> <span class='ocrx_word' id='word_1_434' title='bbox 2143 3748 2194 3811; x_wconf 93' lang='lat'><strong>),</strong></span> <span class='ocrx_word' id='word_1_435' title='bbox 2213 3747 2453 3813; x_wconf 82' lang='lat' dir='ltr'><strong>Ephesio,</strong></span> 
     </span>
     <span class='ocr_line' id='line_1_39' title="bbox 432 3836 2458 3911; baseline -0.005 -16"><span class='ocrx_word' id='word_1_436' title='bbox 432 3860 538 3895; x_wconf 75' lang='lat' dir='ltr'><strong>esse</strong></span> <span class='ocrx_word' id='word_1_437' title='bbox 571 3844 763 3911; x_wconf 80' lang='lat' dir='ltr'><strong>adjutos</strong></span> <span class='ocrx_word' id='word_1_438' title='bbox 792 3859 852 3894; x_wconf 82' lang='lat' dir='ltr'><strong>ea</strong></span> <span class='ocrx_word' id='word_1_439' title='bbox 886 3840 1180 3892; x_wconf 77' lang='lat' dir='ltr'><strong>auctoritate</strong></span> <span class='ocrx_word' id='word_1_440' title='bbox 1213 3837 1453 3887; x_wconf 80' lang='lat' dir='ltr'><strong>traditmn</strong></span> <span class='ocrx_word' id='word_1_441' title='bbox 1490 3836 1730 3885; x_wconf 84' lang='lat' dir='ltr'><strong>babemus</strong></span> <span class='ocrx_word' id='word_1_442' title='bbox 1748 3872 1765 3899; x_wconf 90' lang='lat'><strong>,</strong></span> <span class='ocrx_word' id='word_1_443' title='bbox 1805 3852 1956 3900; x_wconf 86' lang='lat' dir='ltr'><strong>quam</strong></span> <span class='ocrx_word' id='word_1_444' title='bbox 1987 3851 2218 3886; x_wconf 86' lang='lat' dir='ltr'><strong>recusare</strong></span> <span class='ocrx_word' id='word_1_445' title='bbox 2255 3851 2458 3900; x_wconf 85' lang='lat' dir='ltr'><strong>prorsus</strong></span> 
     </span>
     <span class='ocr_line' id='line_1_40' title="bbox 433 3926 2452 3998; baseline -0.004 -16"><span class='ocrx_word' id='word_1_446' title='bbox 433 3950 756 3998; x_wconf 80' lang='lat' dir='ltr'><strong>nequeamus.</strong></span> <span class='ocrx_word' id='word_1_447' title='bbox 775 3933 928 3997; x_wconf 79' lang='lat' dir='ltr'><strong>Atqui</strong></span> <span class='ocrx_word' id='word_1_448' title='bbox 951 3932 1081 3982; x_wconf 88' lang='lat' dir='ltr'><strong>idem</strong></span> <span class='ocrx_word' id='word_1_449' title='bbox 1099 3928 1431 3980; x_wconf 80' lang='lat' dir='ltr'><strong>Hermodorus</strong></span> <span class='ocrx_word' id='word_1_450' title='bbox 1444 3964 1459 3992; x_wconf 94' lang='lat'><strong>,</strong></span> <span class='ocrx_word' id='word_1_451' title='bbox 1479 3926 1519 3974; x_wconf 87' lang='lat' dir='ltr'><strong>si</strong></span> <span class='ocrx_word' id='word_1_452' title='bbox 1543 3944 1573 3975; x_wconf 86' lang='lat' dir='ltr'><strong>a</strong></span> <span class='ocrx_word' id='word_1_453' title='bbox 1589 3927 1687 3975; x_wconf 86' lang='lat' dir='ltr'><strong>x11</strong></span> <span class='ocrx_word' id='word_1_454' title='bbox 1703 3926 1904 3975; x_wconf 86' lang='lat' dir='ltr'><strong>Tabulis</strong></span> <span class='ocrx_word' id='word_1_455' title='bbox 1920 3927 2092 3975; x_wconf 71' lang='lat' dir='ltr'><strong>Groca</strong></span> <span class='ocrx_word' id='word_1_456' title='bbox 2109 3927 2452 3989; x_wconf 84' lang='lat' dir='ltr'><strong>excludantur,</strong></span> 
     </span>
     <span class='ocr_line' id='line_1_41' title="bbox 437 4014 2454 4086; baseline -0.003 -13"><span class='ocrx_word' id='word_1_457' title='bbox 437 4040 539 4073; x_wconf 87' lang='lat' dir='ltr'><strong>non</strong></span> <span class='ocrx_word' id='word_1_458' title='bbox 561 4022 814 4086; x_wconf 71' lang='lat' dir='ltr'><strong>ridemus,</strong></span> <span class='ocrx_word' id='word_1_459' title='bbox 853 4038 975 4086; x_wconf 82' lang='lat' dir='ltr'><strong>quas</strong></span> <span class='ocrx_word' id='word_1_460' title='bbox 996 4021 1193 4071; x_wconf 88' lang='lat' dir='ltr'><strong>tandem</strong></span> <span class='ocrx_word' id='word_1_461' title='bbox 1228 4023 1419 4084; x_wconf 80' lang='lat' dir='ltr'><strong>partes,</strong></span> <span class='ocrx_word' id='word_1_462' title='bbox 1451 4016 1553 4065; x_wconf 82' lang='lat' dir='ltr'><strong>sive</strong></span> <span class='ocrx_word' id='word_1_463' title='bbox 1587 4016 1829 4081; x_wconf 85' lang='lat' dir='ltr'><strong>interpres</strong></span> <span class='ocrx_word' id='word_1_464' title='bbox 1849 4053 1866 4082; x_wconf 89' lang='lat'><strong>,</strong></span> <span class='ocrx_word' id='word_1_465' title='bbox 1889 4021 1947 4065; x_wconf 90' lang='lat' dir='ltr'><strong>ut</strong></span> <span class='ocrx_word' id='word_1_466' title='bbox 1971 4016 2160 4066; x_wconf 83' lang='lat' dir='ltr'><strong>Plinius</strong></span> <span class='ocrx_word' id='word_1_467' title='bbox 2190 4014 2269 4086; x_wconf 59' lang='grc' dir='ltr'><strong>(ξ.</strong></span> <span class='ocrx_word' id='word_1_468' title='bbox 2302 4019 2454 4082; x_wconf 77' lang='lat'><strong>205.)</strong></span> 
     </span>
     <span class='ocr_line' id='line_1_42' title="bbox 436 4105 2456 4180; baseline -0.003 -14"><span class='ocrx_word' id='word_1_469' title='bbox 436 4114 588 4166; x_wconf 77' lang='lat' dir='ltr'><strong>refert</strong></span> <span class='ocrx_word' id='word_1_470' title='bbox 604 4149 623 4180; x_wconf 86' lang='lat'><strong>,</strong></span> <span class='ocrx_word' id='word_1_471' title='bbox 642 4112 741 4163; x_wconf 69' lang='lat' dir='ltr'><strong>eive</strong></span> <span class='ocrx_word' id='word_1_472' title='bbox 764 4112 881 4164; x_wconf 84' lang='lat' dir='ltr'><strong>alias</strong></span> <span class='ocrx_word' id='word_1_473' title='bbox 910 4114 962 4173; x_wconf 84' lang='lat' dir='ltr'><strong>in</strong></span> <span class='ocrx_word' id='word_1_474' title='bbox 984 4113 1091 4177; x_wconf 76' lang='lat' dir='ltr'><strong>lege</strong></span> <span class='ocrx_word' id='word_1_475' title='bbox 1114 4108 1429 4163; x_wconf 74' lang='lat' dir='ltr'><strong>decemvirali</strong></span> <span class='ocrx_word' id='word_1_476' title='bbox 1450 4123 1593 4174; x_wconf 69' lang='lat' dir='ltr'><strong>agere</strong></span> <span class='ocrx_word' id='word_1_477' title='bbox 1617 4106 1867 4175; x_wconf 82' lang='lat' dir='ltr'><strong>potuerit,</strong></span> <span class='ocrx_word' id='word_1_478' title='bbox 1896 4121 1997 4172; x_wconf 81' lang='lat' dir='ltr'><strong>quo</strong></span> <span class='ocrx_word' id='word_1_479' title='bbox 2032 4105 2208 4173; x_wconf 73' lang='lat' dir='ltr'><strong>diguus</strong></span> <span class='ocrx_word' id='word_1_480' title='bbox 2244 4108 2306 4159; x_wconf 77' lang='lat' dir='ltr'><strong>sit</strong></span> <span class='ocrx_word' id='word_1_481' title='bbox 2319 4107 2456 4175; x_wconf 77' lang='lat' dir='ltr'><strong>judi-</strong></span> 
     </span>
    </p>
   </div>
  </div>
 </body>
</html>
