3111 4829
1529 337 1834 451 (28η

641 503 890 550 vindicem
913 503 1132 564 dederit,
1155 503 1273 549 item
1304 506 1482 548 contra
1501 514 1619 548 eum
1636 533 1654 563 ‚
1678 501 1773 563 qui
1792 504 2027 549 exemerit
2041 518 2165 563 ωηο
2183 538 2199 565 ,
2223 506 2319 567 qui
2338 505 2395 551 in
2407 504 2503 566 jus
2520 517 2673 556 *voca-

642 599 757 655 ίαν,
796 598 842 638 et
876 592 1093 654 denique
1112 588 1510 637 innumerabiles
1539 590 1793 651 ejusmodi
1829 589 1946 637 ala'oe
1977 590 2217 654 sormulae
2256 595 2313 641 in
2354 593 2465 641 albo
2485 610 2675 658 propo·

639 685 859 728 πωπω.
881 707 941 715 -
965 679 1017 742 5)
1043 678 1104 725 v.
1129 677 1256 742 nup.
1280 692 1332 741 p.
1356 677 1440 725 es.
1458 704 1523 715 -
1539 676 1591 740 4)
1618 676 1691 724 es.
1716 661 1843 741 παρ’.
1867 694 1920 742 p.
1945 678 2028 727 69.
2054 708 2113 714 -
2132 679 2183 742 5)
2218 680 2336 743 rag.
2360 680 2423 728 69
2442 717 2457 742 ‚
2483 681 2545 728 aa
2568 696 2674 728 rem

638 767 844 817 laudans
866 767 977 817 Val.
1011 767 1136 816 Max.
1161 767 1199 814 l.
1225 767 1276 815 8.
1315 783 1361 814 c.
1388 768 1437 814 2.
1457 803 1473 829 ‚
1498 765 1635 829 quod
1663 773 1797 814 recte
1815 801 1833 830 ,
1856 767 1896 813 si
1931 766 1992 814 de
2009 767 2181 830 judice
2198 804 2214 830 ‚
2239 783 2339 814 non
2373 768 2433 816 de
2458 768 2674 817 Praetore

641 862 891 919 ageretur.
906 883 970 896 —-
991 857 1043 921 6)
1065 857 1171 918 Quo
1191 854 1448 905 referenda
1470 855 1508 902 1.
1527 854 1577 904 1.
1598 855 1719 904 Coa.
1742 855 1792 903 2.
1816 854 1900 916 58,
1911 857 2055 917 juris
2069 854 2307 917 formuloe
2328 859 2674 920 aucupatione

641 947 956 1008 syllabarum
980 948 1283 995 insidiantes
1300 953 1601 995 cunctorum
1617 945 1813 994 actibus
1831 946 2080 994 radicitus
2102 953 2453 1009 amputentur.
2474 947 2676 1011 Dupont

636 1052 691 1102 p.
716 1036 799 1086 64.
821 1064 885 1076 —
901 1052 1061 1100 usque
1093 1038 1163 1086 ad
1183 1037 1511 1086 Constantini
1524 1038 1798 1101 imperium
1823 1037 2099 1100 duravere,
2133 1035 2230 1083 sub
2246 1052 2346 1106 quo
2361 1071 2379 1100 ‚
2406 1038 2677 1086 ordinaria

639 1127 924 1186 coqm'tt'one
945 1124 1145 1173 sublata
1159 1158 1177 1186 ‚
1201 1132 1249 1171 et
1270 1127 1397 1187 ipsoe
1417 1123 1628 1171 sublatae
1650 1130 1791 1172 sunt.
1815 1150 1873 1158 --
1887 1119 1953 1185 ’7)
1978 1121 2053 1169 Cf.
2080 1121 2206 1185 Dup.
2229 1138 2280 1186 p.
2301 1122 2418 1172 227.

733 1313 883 1375 272.
936 1308 1214 1372 Diximus
1253 1330 1434 1393 supra
1465 1308 1543 1372 de
1582 1308 1726 1392 jure
1748 1357 1765 1392 ‚
1802 1307 1968 1394 quod
2002 1309 2318 1374 AElianum
2361 1310 2439 1374 ab
2467 1310 2632 1374 AElio
2655 1360 2673 1394 ,

646 1422 846 1511 (leque
895 1423 1241 1510 antiquiore
1265 1473 1283 1508 ‚
1326 1423 1493 1510 quod
1533 1425 1891 1490 Flavianum
1937 1447 1971 1488 a
2020 1425 2224 1488 Flavio
2269 1424 2670 1510 aclpellatum.

644 1540 680 1601 J
686 1560 794 1601 ure
820 1537 1105 1602 Flaviano
1136 1538 1333 1600 multo
1359 1537 1677 1623 antiquius
1705 1547 1793 1600 est
1812 1586 1830 1620 ,
1857 1536 2023 1622 quod
2054 1537 2452 1621 Papirianum
2483 1561 2515 1600 a
2547 1537 2677 1601 Pa-

644 1651 841 1737 pirio,
871 1649 1168 1714 Pontifice
1198 1651 1278 1714 Μ.
1307 1698 1323 1733 ,
1374 1649 1602 1713 dicitur
1623 1699 1640 1732 ‚
1682 1650 1970 1737 Dionysio
2005 1656 2028 1713 1
2057 1647 2082 1737 )
2122 1662 2184 1713 et
2230 1651 2564 1735 Pomponio
2595 1649 2676 1739 2)

646 1775 1056 1829 memoratum
1078 1812 1095 1845 ‚
1128 1786 1161 1826 a
1191 1785 1347 1849 quo,
1378 1774 1508 1847 post
1535 1764 1760 1846 ejectos
1789 1765 1974 1827 etism
2004 1786 2178 1849 reges
2206 1765 2464 1829 florente
2490 1816 2507 1850 ,
2545 1766 2677 1829 col-

647 1877 833 1940 lectas
860 1878 1026 1963 leges
1055 1876 1252 1961 regias
1281 1876 1551 1962 vulgaris
1582 1877 1791 1961 opinio
1819 1878 2003 1960 facit3
2044 1877 2146 1941 sed
2177 1878 2529 1944 credibilius
2550 1926 2567 1961 ‚
2597 1878 2676 1942 ad

649 2010 813 2053 sacra
852 1989 1222 2074 pertinentia
1263 1988 1446 2052 modo
1492 1989 1649 2053 libro
1680 1990 1886 2055 rituali
1929 1987 1999 2078 3)
2029 1992 2445 2077 complexum,
2484 2014 2674 2078 quem

647 2103 1086 2167 commentario
1121 2101 1237 2190 (do
1269 2099 1839 2191 indigitamentis)
1870 2103 2137 2169 Granius
2167 2106 2416 2170 Flaccus
2440 2106 2517 2171 ad
2547 2104 2679 2171 Cae-

649 2239 845 2280 sarem
877 2217 1097 2301 scripto
1138 2216 1460 2280 illustravit
1492 2215 1582 2295 4).
1623 2216 1927 2281 Caeterum
1958 2218 2238 2303 Papirius
2264 2241 2332 2283 ex
2375 2220 2479 2284 illa
2503 2230 2678 2284 aetate

649 2341 777 2413 est,
805 2353 926 2417 qua
959 2328 1241 2416 patricios
1279 2330 1431 2393 solos
1461 2329 1619 2413 juris
1648 2330 1979 2414 prudentes
2009 2331 2276 2396 vidimus
2302 2332 2399 2423 (ὃ.
2436 2329 2631 2420 271.)
2657 2356 2673 2396 2

648 2444 757 2530 qui
780 2491 798 2527 ‚
828 2454 898 2506 ut
928 2443 1078 2507 illuc
1100 2444 1234 2527 jam
1265 2448 1678 2529 revertamur,
1722 2458 1853 2531 post
1886 2459 2197 2533 aequatum
2230 2450 2360 2513 fere
2387 2448 2676 2514 ordinum

643 2557 748 2639 jus
769 2604 786 2637 ,
817 2557 865 2619 si
894 2579 1021 2620 non
1051 2580 1088 2621 a
1118 2557 1229 2622 Cn.
1258 2558 1460 2623 Flavio
1482 2608 1499 2642 ,
1530 2581 1719 2645 quam
1752 2562 2065 2647 vulgarem
2088 2563 2543 2648 persuasionem
2571 2584 2679 2626 ex·

649 2669 966 2755 posuimus
989 2718 1006 2750 ,
1054 2669 1252 2733 delusi
1293 2684 1490 2736 essent
1519 2670 1617 2761 (§.
1670 2676 1818 2738 271.
1844 2673 1937 2762 1..)
1958 2723 1975 2756 ,
2017 2687 2223 2740 tamen
2252 2676 2522 2760 plebejos
2566 2675 2677 2740 diu

651 2784 973 2847 etiamtum
996 2805 1027 2846 a
1049 2783 1208 2868 juris
1239 2784 1490 2850 scientia
1510 2785 1836 2871 prohibere
1857 2788 2076 2852 frustra
2109 2789 2517 2873 laborassent3
2550 2811 2673 2854 res-

649 2921 771 2987 que
800 2898 1035 2962 ferebat
1064 2946 1082 2980 ‚
1106 2898 1294 2962 semel
1319 2900 1657 2984 vulgatum,
1687 2923 1824 2964 mox
1849 2912 1905 2964 et
1933 2900 2178 2987 publice
2200 2901 2426 2987 doceri,
2449 2902 2619 2990 quod
2638 2926 2674 2969 a

654 3014 1039 3078 Coruncanio
1067 3014 1301 3077 factum
1325 3011 1591 3090 diximus
1614 3013 1708 3104 (§.
1748 3016 1994 3105 271.¹⁶·)
2015 3067 2031 3100 ,
2059 3030 2120 3081 et
2164 3019 2397 3105 scriptis
2425 3040 2673 3106 quoque

650 3127 974 3213 explicari3
1024 3126 1291 3213 denique
1312 3177 1330 3211 ,
1367 3128 1640 3192 vcuilibet
1688 3131 1875 3194 licere
1921 3131 2303 3218 litigantibus
2349 3132 2674 3219 prudentia

648 3246 1023 3332 consilioque
1050 3243 1275 3310 adesse.
1307 3248 1385 3310 Et
1414 3269 1555 3312 vero
1587 3248 1803 3333 triplex
1821 3248 1956 3334 jam
1990 3253 2257 3316 occurrit
2283 3252 2673 3317 defensorum

650 3383 877 3447 genus:
917 3359 1188 3423 adrooati
1209 3408 1227 3443 ,
1257 3361 1430 3446 quasi
1456 3360 1534 3425 ad
1567 3384 1699 3425 rem
1723 3364 2148 3452 auxiliumque
2176 3367 2365 3431 vocati
2397 3364 2504 3453 5),
2534 3367 2677 3430 liti-—

647 3485 857 3559 gantes
883 3473 1136 3538 consilio
1167 3495 1275 3537 suo
1303 3485 1364 3537 et
1384 3475 1702 3560 praesentia
1717 3475 2036 3561 juvantes3
2068 3479 2303 3571 patroni
2325 3490 2671 3563 causarum,

646 3611 754 3674 pro
796 3588 1091 3659 tribunali
1119 3599 1370 3674 agentes
1400 3586 1705 3678 (actores,
1736 3614 1792 3655 a.
1829 3588 2237 3678 causarum),
2285 3600 2382 3674 et,
2412 3588 2676 3655 obscuro

647 3703 1002 3768 discrimine
1029 3701 1098 3791 6)
1121 3751 1137 3786 ,
1163 3714 1586 3788 procuratores
1613 3715 1674 3768 et
1697 3705 2040 3791 cognitores
2058 3754 2077 3790 ,
2106 3705 2366 3777 aliorum
2391 3725 2674 3790 causam,

645 3818 1023 3904 cognitores,
1067 3818 1118 3880 si
1163 3819 1567 3884 Heineccium
1621 3821 1937 3908 sequimur
1956 3870 1975 3905 ‚
2022 3819 2329 3911 praecipue
2379 3820 2448 3882 in
2487 3830 2676 3885 status

645 3932 1062 3995 controversiis
1077 3980 1095 4016 ,
1120 3931 1436 4022 iidemque
1458 3958 1494 4000 a
1522 3935 1921 4021 praesentibus
1946 3930 2050 4022 7),
2074 3945 2494 4020 procuratores
2519 3955 2675 3999 con-

643 4055 731 4109 tra
759 4043 837 4122 ab
865 4043 1218 4114 absentibus
1246 4048 1601 4117 mandatam
1633 4049 2026 4139 suscipientes
2058 4044 2147 4135 8).
2183 4048 2515 4119 vetustatis
2541 4036 2672 4115 serss
