3111 4829
1370 427 1393 510 (
1435 427 1549 489 421
1599 430 1623 511 )

937 600 1287 670 mmm,
1332 604 1765 650 msrnumu
1791 635 1809 671 ,
1855 607 2043 653 mm.

562 749 711 812 423.
760 744 1075 812 Materiem
1116 767 1257 808 vero
1304 745 1466 832 quod
1491 746 1745 831 attinet,
1769 769 1864 811 res
1890 748 2155 830 ferebat,
2187 758 2256 812 ut
2279 746 2466 815 hodie
2490 800 2511 837 ,

469 858 751 947 quaedam
773 858 839 922 in
859 857 1092 944 lapide,
1123 880 1243 923 oere
1266 908 1283 942 ‚
1306 859 1510 923 aliisve
1535 861 1835 945 metalliS,
1868 873 1975 926 aut
2002 861 2069 924 in
2100 860 2270 947 ligno
2300 861 2325 952 (
2341 862 2510 930 albo,

471 973 730 1061 tabulis)
783 972 987 1038 scribi.
1033 972 1271 1037 Privato
1342 975 1538 1060 magis
1586 975 1723 1039 usui
1753 976 2092 1061 antiquitus
2130 959 2273 1039 solia
2319 971 2422 1063 l),
2450 984 2513 1039 et

466 1087 722 1151 interior
767 1097 972 1151 cortex
1024 1083 1266 1175 (liber)
1306 1087 1598 1151 arborum
1622 1087 2053 1173 quarundam,
2090 1099 2257 1174 post,
2298 1098 2514 1173 praeter

465 1201 631 1284 alia,
677 1201 743 1264 in
793 1200 1018 1287 quibus
1058 1199 1296 1283 linum,
1350 1200 1518 1264 unde
1569 1201 1714 1264 libri
1757 1202 1932 1266 lintei
1978 1198 2080 1290 2),
2138 1224 2400 1290 papyrus
2444 1197 2513 1289 3)

474 1314 800 1403 AEgyptius
857 1312 1153 1406 (βύβλος,
1218 1337 1482 1402 papyrus
1507 1364 1525 1397 ,
1593 1336 1851 1402 cyperus
1919 1337 2182 1402 papyrus
2246 1311 2513 1403 Linn.),

471 1427 682 1494 charta
712 1429 1070 1515 AEgyptiaca
1093 1477 1111 1511 ,
1152 1429 1386 1493 Niliaca
1432 1424 1543 1516 4),
1594 1428 1952 1492 menbranae
1991 1427 2237 1517 (charta
2276 1429 2517 1513 Perga-

395 1545 406 1555 '
469 1562 695 1624 mena,
742 1538 1219 1629 parchemin),
1284 1552 1388 1624 et,
1462 1539 1771 1605 enotando
1827 1539 2343 1604 commodissimae
2396 1538 2516 1628 5),

475 1656 701 1720 tabulae
736 1656 959 1742 ligneas
997 1677 1136 1721 cera
1167 1655 1447 1719 obductas
1470 1705 1487 1739 ,
1524 1653 1792 1739 tabulae,
1827 1652 1990 1730 πίναξ
2013 1704 2030 1738 ,
2073 1677 2229 1720 cerae
2251 1704 2268 1738 ,
2309 1655 2518 1741 pugil-

466 1770 633 1851 lares
657 1770 747 1859 6).
789 1772 1138 1836 Posterioris
1161 1773 1354 1836 multo
1401 1793 1546 1835 usus
1574 1769 1781 1835 charta
1804 1769 2204 1856 bombycina3
2235 1769 2518 1834 omnium

471 1882 838 1968 novissima,
890 1906 1014 1971 qua
1065 1882 1248 1950 hodie
1307 1884 1586 1970 utimur,
1651 1885 1871 1949 saeculo
1937 1884 2085 1952 XIV
2138 1880 2254 1973 (?)
2319 1883 2519 1947 iutro·-

474 1995 664 2062 ducta
702 1993 794 2084 7).

469 2117 477 2126 ’
561 2111 1050 2176 Instrumentum
1095 2112 1411 2177 scribentis
1435 2161 1452 2196 ,
1504 2122 1576 2177 ut
1613 2114 1680 2176 in
1723 2111 1970 2176 duriore
1999 2113 2252 2178 materia
2277 2161 2294 2195 ,
2334 2113 2419 2177 sic
2451 2113 2519 2177 iu

474 2223 660 2306 ceris,
691 2225 878 2309 stylus
918 2221 944 2312 (
975 2226 1261 2299 γλυφιῒοι,
1306 2225 1589 2304 γραφεῖον,
1622 2221 1953 2308 graphium
1979 2271 1995 2304 ‚
2019 2205 2196 2287 Ovid.
2236 2221 2394 2288 Am.
2446 2225 2477 2286 1
2498 2263 2517 2298 ‚

483 2341 608 2421 11,
648 2332 842 2424 23.)‚
878 2336 1065 2401 altera
1089 2347 1260 2423 parte
1288 2346 1547 2421 acutus,
1592 2335 1808 2399 litteris
1857 2334 2211 2419 exarandis,
2255 2336 2376 2399 sive
2415 2335 2521 2399 in-

480 2448 797 2535 cidendis,
857 2472 997 2537 quae
1046 2451 1288 2536 propria
1340 2450 1429 2513 vis
1471 2448 1803 2514 verborum
1849 2450 2077 2533 γράφειν
2129 2461 2189 2515 et
2215 2448 2516 2535 scribere,

481 2563 668 2629 altera
694 2565 912 2650 planus
933 2613 951 2647 ,
990 2562 1250 2629 delendo
1279 2576 1340 2629 et
1362 2564 1742 2650 laevigand03
1775 2587 1898 2653 quo
1924 2563 2187 2631 trahitur
2211 2565 2392 2629 litura
2424 2562 2515 2652 8).

477 2677 814 2764 Pingendis
858 2678 1074 2743 litteris
1114 2677 1402 2765 penicillo
1426 2726 1444 2762 ,
1489 2678 1555 2742 in
1594 2678 1975 2744 membranis
2008 2679 2264 2766 aliisque
2292 2677 2519 2745 chartis

478 2794 664 2879 vulgo
713 2795 946 2858 calamo
992 2789 1257 2885 (aasz),
1300 2793 1590 2880 AEgyptio
1640 2792 1906 2857 maxime
1955 2803 2059 2857 aut
2110 2792 2338 2860 Gnidio
2407 2792 2517 2880 9),

484 2907 685 2970 colore
741 2909 1108 2993 plerumque
1132 2907 1708 2992 nigr0‚atramento
1752 2905 1998 2969 librario
2034 2901 2173 2993 10),
2208 2928 2332 2992 quo
2355 2907 2518 2993 sepia

483 3039 732 3106 quoque
777 3020 1097 3085 referenda
1154 3016 1304 3107 11),
1348 3020 1416 3086 in
1464 3021 1657 3085 titulis
1678 3041 1835 3106 saepe
1881 3019 2360 3103 rubro,mini0‚
2406 3043 2520 3084 ru-

487 3129 660 3195 brica
717 3128 859 3219 12),
904 3132 1237 3197 utebantur
1261 3179 1278 3214 ,
1328 3133 1438 3218 qui
1477 3130 1683 3197 medio
1715 3153 1840 3197 ωηο
1877 3131 2298 3196 usitatissimus
2319 3131 2522 3216 majo-

491 3245 665 3309 ribus
715 3246 968 3329 litteris‚
1020 3246 1354 3331 'praesertim
1414 3245 1482 3308 in
1532 3245 1804 3331 capitum
1873 3245 2089 3330 initio,
2148 3243 2517 3332 pingendis,

488 3356 778 3422 adhibitis
818 3358 953 3421 aliis
995 3380 1240 3447 quoque
1266 3358 1414 3423 etin
1452 3359 1527 3422 iis
1554 3383 1704 3424 auro
1743 3370 1803 3424 et
1833 3372 2086 3447 argento
2109 3410 2126 3445 ‚
2151 3362 2273 3426 sive
2303 3362 2381 3425 ad
2403 3363 2511 3427 lit-

481 3481 639 3537 teras
681 3472 803 3535 sive
844 3450 1097 3538 omnino
1144 3472 1223 3537 ad
1270 3473 1638 3559 paginarum
1682 3487 1987 3542 ornatum.
2041 3477 2243 3542 Rubri
2285 3480 2512 3562 specics

482 3595 880 3667 encaustum,
929 3584 1099 3657 unde
1140 3586 1499 3652 ineluioetro
1551 3600 1612 3652 et
1669 3612 1858 3652 encre
1911 3585 2074 3676 13),
2126 3590 2514 3656 documentis

484 3697 934 3762 subscribendis
983 3697 1061 3762 ab
1106 3698 1585 3783 Imperatoribus
1630 3700 1901 3766 Orientis
1944 3715 2328 3789 usurpatum.
2380 3706 2514 3773 Ve-

484 3814 809 3878 tustissima
862 3823 1067 3878 autem
1114 3815 1491 3879 consuetudo
1540 3815 1820 3900 chartaS,
1867 3817 2170 3882 firmitatis
2221 3802 2404 3883 simul
2452 3833 2514 3885 et

484 3925 697 3991 nitoris
734 3929 967 4013 gratia,
996 3929 1243 4015 pumice
1266 3929 1536 4015 poliendi
1561 3941 1622 3994 et
1645 3930 1827 3997 cedro
1858 3932 2179 4019 unguendi
2209 3933 2342 4022 14).

549 4108 600 4171 1)
636 4108 870 4176 cr.Virg.
909 4114 1031 4165 AEn.
1066 4115 1127 4181 ὅ,
1169 4114 1285 4167 444.
1318 4116 1454 4182 —2)
1499 4116 1700 4183 unx,
1725 4116 1892 4171 ⁴5.-
1916 4118 1972 4185 ὅ)
2012 4120 2218 4170 Cortieis
2257 4120 2358 4170 sive
2397 4119 2511 4169 libri
