3111 4829
1516 350 1769 436 (240)

659 496 2602 538 Μ

1443 649 1698 717 CAPUT
1732 653 1847 719 ΠΙ.

710 875 1017 946 LEGES
1065 877 1191 945 ΕΤ
1237 875 1711 946 JusTrrIAE
1764 821 2573 955 Ammus'ma'rm.

1449 1114 1527 1158 DE
1569 1113 1841 1160 mamm.

728 1267 881 1342 260.
933 1269 1212 1344 Civitates
1264 1269 1360 1341 vel
1406 1266 1606 1342 coloni
1654 1267 1953 1361 fundant,
2003 1273 2143 1362 vel,
2179 1279 2351 1367 quod
2395 1302 2642 1364 rarum,

640 1408 784 1453 casu
815 1390 1168 1476 congregati
1203 1388 1518 1455 homines:
1566 1390 1656 1454 illi
1696 1402 1767 1454 ut
1803 1391 2141 1476 plurimum
2170 1403 2460 1457 maternae
2490 1393 2644 1457 civi-

636 1503 775 1566 tatis
802 1503 1074 1567 instituta
1095 1504 1384 1589 legesque
1413 1514 1756 1589 sequuntur
1777 1552 1797 1587 ‚
1830 1503 1899 1567 hi
1921 1516 2029 1568 aut
2053 1506 2255 1569 nullas
2282 1506 2457 1571 initio
2482 1506 2645 1593 leges

634 1627 745 1682 aut
786 1618 1177 1703 paucissimas
1215 1638 1333 1681 nee
1371 1627 1563 1682 certas
1605 1616 1831 1682 habere
1871 1620 2083 1683 solent.
2131 1619 2385 1684 Coeteras
2427 1619 2646 1686 sociata

631 1730 755 1795 vita
798 1732 1094 1816 paulatim
1135 1731 1409 1794 invenit:
1463 1749 1601 1817 quae
1648 1722 1799 1796 dum
1845 1727 2129 1819 {equitate
2171 1726 2366 1819 magis
2414 1745 2475 1797 et
2525 1748 2658 1798 usu*

634 1842 1029 1908 observantur
1051 1892 1069 1927 ,
1121 1864 1320 1907 mores
1367 1854 1551 1929 atque
1604 1844 2079 1909 eonsuetudines
2127 1855 2419 1909 vocantur
2443 1894 2461 1928 ‚
2512 1857 2646 1931 post

631 1956 918 2042 scriptam
956 1977 1204 2043 queque
1237 1957 1439 2042 legem
1484 1955 1755 2042 vigentes
1772 2004 1792 2041 ‚
1836 1955 2032 2021 donee
2069 1957 2393 2042 perfectior
2433 1958 2643 2024 existat

629 2069 886 2136 civitatis
924 2082 1126 2136 statue.

720 2184 821 2250 Sic
851 2197 912 2249 et
949 2189 1259 2252 Romanos
1293 2184 1468 2250 initio
1497 2206 1830 2270 perpaucas
1868 2196 1931 2250 et
1971 2186 2440 2272 simplicissimas
2473 2189 2641 2275 leges

631 2296 914 2363 habuisse
942 2308 1208 2381 constat,
1237 2297 1304 2361 in
1326 2298 1524 2384 iisque
1550 2297 1739 2383 ipsius
1767 2298 2024 2363 Romuli
2053 2301 2367 2364 nonnullae
2398 2322 2639 2365 memo-

628 2426 845 2480 rantur
877 2411 980 2502 1),
1004 2436 1143 2502 quae
1176 2434 1257 2478 an
1296 2410 1679 2500 aliquamdiu
1706 2435 1832 2478 non
1863 2412 2100 2499 scriptae
2140 2414 2487 2500 viguerint,
2533 2417 2641 2480 alii

631 2525 937 2613 dirimant!
953 2524 1042 2613 2).
1067 2528 1302 2612 Reges,
1337 2526 1567 2589 summi
1602 2535 1736 2590 tum
1757 2527 2142 2613 magistratus
2177 2528 2493 2616 iidemque
2517 2529 2643 2613 ju-

631 2637 797 2702 diees
820 2686 839 2722 ‚
868 2660 938 2702 ex
965 2658 1140 2724 aequo
1168 2649 1230 2702 et
1255 2636 1417 2701 bono
1441 2638 1576 2701 lites
1595 2637 1991 2722 jutlieabant3
2020 2641 2334 2704 sententiae
2363 2639 2506 2705 dein
2528 2662 2639 2726 pro

626 2751 872 2838 legibus
902 2749 1143 2815 habitae.
1186 2749 1396 2815 Edicta
1434 2750 1528 2814 vel
1567 2749 1787 2815 tabulis
1835 2749 2125 2841 (album)
2170 2752 2458 2838 inscripta
2483 2799 2500 2833 ‚
2542 2752 2639 2815 vel

625 2882 740 2950 per
768 2883 1110 2949 praeeonem
1137 2861 1469 2948 vulgabant
1495 2859 1585 2949 3).
1616 2862 1777 2926 Hine
1813 2883 2005 2926 manu
2034 2862 2379 2949 gubernare
2415 2862 2640 2927 dicun·-

625 2988 732 3042 ιω·
762 2973 848 3065 4).
878 2974 1077 3042 Iidem
1123 2987 1325 3041 tamen
1372 2976 1437 3039 in
1465 2976 1829 3062 gravissimis
1869 2976 2051 3040 rebus
2075 3024 2093 3059 ‚
2122 2977 2402 3041 consulto
2426 2986 2642 3041 senatu

625 3102 735 3156 aut
780 3090 857 3155 de
890 3090 1204 3155 curiarum
1258 3088 1555 3154 sententia
1600 3088 1987 3173 statuebant;
2029 3088 2196 3153 unde
2244 3090 2428 3176 regiae
2474 3091 2640 3176 leges

625 3204 884 3287 euriatae*
911 3225 1158 3290 quoque
1200 3213 1526 3267 vocantur:
1570 3224 1708 3290 qnae
1734 3251 1752 3285 ‚
1793 3225 1829 3267 a
1863 3203 2193 3290 Tarquinio
2235 3204 2296 3268 S.
2325 3187 2438 3286 ,ἐί
2479 3201 2641 3268 Dio-

625 3298 798 3401 nysio
850 3311 928 3401 5)
973 3313 1349 3378 credendum
1376 3362 1394 3397 ,
1439 3313 1708 3376 confusae
1758 3323 1819 3377 et
1863 3334 2036 3399 paene
2080 3313 2330 3377 sublatae
2353 3361 2372 3395 ‚
2423 3313 2641 3378 exactis

623 3427 971 3514 Tarquiniis
1012 3475 1031 3511 ,
1053 3448 1263 3512 paucae
1311 3435 1373 3490 et
1420 3425 1878 3510 simplicissimae
1931 3437 2172 3491 servatoe
2204 3473 2223 3510 ,
2273 3425 2641 3491 Consulibus

623 3542 847 3627 pariter
877 3539 1143 3626 plurima
1172 3560 1243 3603 ex
1270 3537 1518 3604 arbitrio
1550 3537 1980 3604 dirimentibus
2009 3538 2098 3628 6).

686 3703 738 3769 1)
763 3704 826 3752 V.
852 3703 1050 3769 Dionys.
1073 3701 1135 3765 2,
1171 3702 1238 3751 25
1255 3738 1272 3767 ‚
1306 3701 1383 3751 ef.
1418 3700 1646 3751 Dirkoe'n.
1675 3701 1933 3752 Ver-tucho
1965 3718 2065 3752 sur
2099 3700 2279 3752 Kn’eik
2300 3728 2366 3741 —
2385 3703 2439 3750 d.
2466 3701 2638 3766 Qnell.

621 3795 674 3842 d.
699 3809 829 3842 roem·
855 3792 1056 3856 Rechts,
1082 3807 1134 3856 p.
1168 3791 1284 3841 261.
1307 3806 1420 3855 sqq.
1438 3791 1569 3857 -2)
1592 3790 1667 3839 Cf.
1692 3790 1893 3855 Dionys.
1930 3789 2024 3852 10,
2050 3790 2100 3852 1,
2118 3789 2293 3853 Pomp.
2318 3789 2358 3837 l.
2381 3789 2433 3838 3.
2455 3791 2518 3839 de
2541 3790 2635 3839 Or.

619 3881 743 3930 Jur.
769 3881 887 3928 Tae.
909 3884 1053 3930 Arm.
1071 3879 1126 3945 ὅ,
1147 3879 1241 3944 26,
1259 3879 1420 3929 Nobis
1433 3878 1690 3930 Romulus
1703 3913 1723 3945 ,
1746 3878 2022 3928 ablavium
2039 3912 2059 3942 ,
2078 3880 2470 3941 imperitaverae.
2493 3878 2640 3928 Dein

620 3971 799 4020 Numa
819 3968 1146 4032 reln'qionibua
1178 3976 1227 4017 et
1245 3970 1417 4018 divino
1438 3970 1563 4031 jure
1580 3970 1832 4033 populum
1868 3969 2111 4015 devinxit.
2146 3965 2467 4031 Repu-eaque
2496 3982 2639 4031 φια-

621 4063 738 4111 dam
757 4076 790 4109 a
814 4058 967 4108 Tuuo
990 4065 1036 4108 et
1053 4060 1217 4119 Auem·
1239 4059 1633 4123 sedproecipuus
1650 4057 1857 4109 Servius
1881 4054 2091 4106 Tullius
2115 4063 2316 4107 sanctor
2332 4056 2498 4119 leyum
2510 4055 2638 4119 faie,
