3111 4829
1560 372 1585 453 (
1628 371 1708 431 20
1747 370 1771 452 )

675 508 945 593 ticyram'
962 549 980 585 ,
1026 504 1316 568 Elateam.
1368 501 1662 566 Phocidos
1705 525 1775 566 ex
1816 504 2002 572 altera
2038 514 2204 588 parte
2248 504 2327 569 ad
2374 505 2673 592 Euripum

675 617 853 689 Locri
895 616 1190 708 Opuntii,
1233 636 1497 701 quorum
1536 614 1709 700 Opus
1730 664 1747 698 ,
1790 625 1854 679 et
1888 617 2294 701 Epicnemidii
2323 667 2342 702 ,
2387 641 2457 683 ex
2490 620 2677 684 altera

666 730 846 797 Locri
892 729 1128 812 Ozoloe,
1176 747 1439 813 quorum
1481 726 1828 813 Naupactus
1861 727 2198 817 (Lepanto)
2221 788 2224 789 γ
2248 741 2310 795 et
2338 729 2679 817 Amphissa.

670 844 868 933 Supra
910 843 1128 908 Locros
1165 840 1378 905 Ozolas
1420 841 1596 905 Doris
1642 841 1995 929 (Tetrapolis
2026 839 2271 931 Dorica)
2316 843 2405 907 cis
2447 842 2681 909 OEtam

672 969 970 1022 montem.
1009 955 1215 1019 Locris
1244 954 1446 1018 Ozolis
1469 954 1552 1019 ab
1581 953 1916 1020 Occidente
1954 956 2179 1021 AEtolia
2199 1004 2218 1041 ,
2261 956 2329 1021 in
2376 979 2500 1044 qua
2545 958 2683 1023 flu·-

663 1070 840 1138 mina
862 1066 1167 1132 Achelous
1185 1077 1247 1131 et
1264 1068 1505 1132 Evenus
1522 1115 1541 1151 ,
1565 1088 1742 1132 mons
1763 1066 2169 1157 Aracynthus,
2197 1068 2382 1134 urbes
2405 1069 2645 1136 Chalcis
2661 1121 2682 1155 ,
2718 1158 2724 1163 .

666 1181 945 1269 'Calydon
999 1191 1061 1244 et
1094 1179 1497 1268 Lysimachia.
1536 1176 1778 1246 'AEtoliae
1805 1182 1884 1247 ab
1928 1181 2263 1249 Occidente
2303 1183 2644 1250 Acarnania
2664 1232 2685 1269 ‚

666 1295 835 1362 inter
881 1291 1223 1359 Acheloum
1285 1304 1348 1358 et
1404 1293 1611 1367 sinum
1662 1293 2060 1360 Ambracium
2089 1344 2108 1380 ,
2163 1296 2231 1359 in
2299 1318 2424 1383 qua
2495 1296 2685 1385 Argos

666 1406 1217 1494 'Amphilochicum
1238 1456 1257 1492 ‚
1306 1411 1558 1474 Actium
1595 1419 1657 1473 et
1698 1410 2098 1475 Anactorium
2120 1458 2139 1495 ,
2196 1409 2379 1476 urbes
2416 1421 2479 1476 et
2526 1434 2686 1498 pro—

668 1524 973 1590 montoria
1002 1572 1021 1606 ,
1059 1523 1286 1587 Stratos
1315 1569 1334 1606 ,
1380 1523 1724 1609 Metropolis
1755 1572 1775 1608 ,
1800 1525 2065 1591 Astacus.
2117 1524 2477 1592 Acarnaniae
2532 1527 2683 1593 olim

667 1635 1014 1705 adhaerebat
1054 1636 1119 1726 (ς
1142 1632 1278 1724 23.)
1314 1635 1617 1703 Leucadia
1639 1686 1659 1722 ‚
1700 1637 1882 1722 cujus
1909 1638 2055 1703 urbs
2080 1638 2280 1705 Leuca
2306 1650 2368 1705 et
2391 1661 2686 1726 promon-

670 1751 900 1815 torium
944 1751 1226 1815 Leucate.

765 1862 873 1928 22.
901 1859 1132 1926 Graecia
1170 1858 1644 1945 septentrionali
1682 1860 2075 1923 continentur
2099 1857 2401 1925 Thessalia
2439 1867 2503 1926 et
2522 1861 2688 1947 Epi-

675 1996 802 2041 rus.
835 1972 1144 2039 Thessalia
1183 1971 1498 2062 (Thessali
1522 1995 1542 2056 ;
1567 1971 1853 2036 AEmonia
1878 2019 1896 2055 ,
1918 1969 2214 2061 Pelasgia)
2240 1971 2319 2036 ab
2345 1968 2686 2038 Occidente

670 2086 945 2155 Pindum
969 2136 989 2170 ,
1032 2086 1113 2152 ab
1154 2085 1409 2155 Oriente
1463 2084 1799 2172 Olympum
1823 2132 1840 2166 ,
1890 2082 2104 2149 Ossam
2125 2132 2144 2166 ,
2193 2084 2398 2149 Pelion
2423 2133 2441 2169 ‚
2480 2086 2515 2150 a
2564 2085 2691 2149 Me-
2758 2159 2762 2163 ,

677 2200 836 2269 ridie
896 2199 1127 2265 OEtam
1180 2199 1591 2284 complectens
1616 2246 1634 2280 ,
1691 2196 2003 2262 montibus
2061 2197 2416 2264 Cambuniis
2470 2199 2685 2264 Mace-

677 2315 861 2382 donia
919 2325 1249 2401 separatur.
1317 2314 1488 2385 Inter
1537 2311 1799 2379 flumina
1854 2310 2172 2398 Apidanus
2202 2360 2220 2397 ‚
2282 2311 2639 2399 Spercheios
2667 2362 2687 2397 ‚

681 2441 745 2494 et
788 2428 883 2491 his
915 2427 1273 2492 celebratior
1301 2426 1487 2491 etiam
1523 2423 1795 2507 Peneus,
1816 2425 1924 2509 qui
1963 2426 2182 2490 vallem
2224 2427 2486 2512 Tempe,
2525 2427 2687 2491 inter

679 2540 1024 2627 Olympum
1079 2550 1141 2602 et
1195 2536 1407 2603 Ossam
1434 2582 1458 2611 ‚
1512 2536 1836 2621 percurrit.
1900 2538 2067 2600 Inter
2124 2548 2320 2622 partes
2373 2538 2694 2605 Thessaliae

679 2651 984 2721 Phthiotis
1005 2700 1022 2735 ,
1058 2649 1366 2736 Magnesia
1388 2697 1406 2730 ,
1468 2647 1818 2733 Pelasgiotis
1842 2693 1859 2728 ,
1886 2645 2228 2713 Perrhaebia
2250 2695 2268 2729 ,
2316 2649 2692 2736 Hestiaeotis3
2798 2685 2807 2694 ·

680 2764 958 2852 partibus
997 2761 1394 2848 cognomines
1438 2759 1692 2846 populi,
1746 2757 2050 2842 Thessali,
2094 2760 2436 2847 Magnetes,
2480 2764 2695 2829 AEnia-

683 2900 794 2949 nes
817 2927 834 2962 ‚
891 2876 1152 2964 Dolopes
1176 2923 1193 2958 ,
1243 2872 1545 2940 Perrhaebi
1578 2921 1598 2957 ,
1645 2873 1953 2959 Dryopes3
1998 2871 2159 2939 inter
2202 2874 2384 2939 urbes
2418 2877 2654 2963 Hypata
2674 2926 2695 2962 ,

677 2990 942 3064 ,Melitaea
969 3036 988 3073 ,
1033 2987 1357 3054 Pharsalus
1375 3036 1394 3071 ‚
1447 2986 1657 3053 Lamia
1679 3034 1697 3069 ,
1719 2983 1939 3052 Thebae
1961 3034 1980 3068 ,
2036 2986 2274 3071 Pherae,
2319 2989 2657 3056 Demetrias
2677 3040 2698 3077 ,

675 3104 907 3175 Larissa
929 3151 947 3187 ,
990 3103 1256 3168 Azorum
1280 3151 1299 3185 ,
1340 3100 1584 3167 -Ithome
1607 3147 1626 3184 ,
1661 3097 1978 3186 Gomphi,
2022 3093 2253 3166 Tricca.
2297 3102 2506 3189 Epiri,
2548 3126 2693 3192 quoe

678 3215 760 3283 ad
819 3212 1217 3285 Occidentem
1270 3212 1590 3280 Thessaliae
1610 3260 1628 3296 ,
1679 3211 1938 3278 flumina
1991 3211 2277 3302 Thyamis
2304 3263 2324 3299 ,
2376 3226 2437 3281 et
2496 3215 2696 3299 major

670 3328 965 3400 ‘Acheron
985 3373 1012 3405 ,
1057 3339 1299 3415 recepto
1341 3327 1565 3414 Cocyto
1588 3375 1605 3410 ‚
1655 3327 1723 3392 in
1772 3328 1978 3394 lacum
2023 3327 2432 3395 Acherusium
2451 3376 2470 3410 ,
2518 3328 2692 3392 Are-

678 3442 832 3512 thou
858 3492 875 3527 ‚
925 3443 993 3511 in
1039 3443 1249 3508 sinum
1308 3440 1710 3508 Ambracium
1765 3441 2065 3527 influens3
2116 3453 2352 3508 montes
2408 3442 2694 3507 Ceraunii

675 3554 1264 3646 (Acroceraunia);
1338 3566 1536 3642 partes
1590 3557 1896 3640 Molossis,
1945 3554 2293 3642 Thesprotia
2314 3601 2333 3637 ,
2380 3551 2691 3641 Chaonia3

680 3671 749 3742 in
792 3672 1033 3757 populis
1081 3670 1360 3755 Molossi,
1414 3669 1730 3755 Chaones,
1777 3671 1957 3736 urbes
2001 3666 2079 3732 ad
2125 3688 2295 3731 oram
2335 3664 2694 3754 Ambracia,

610 3851 613 3860 J
680 3784 983 3869 Nicopolis
1010 3835 1028 3868 ,
1086 3784 1427 3854 Buthroton
1454 3834 1473 3869 ,
1527 3785 1784 3851 interius
1826 3782 2088 3850 Dodona.

782 3900 900 3970 ⁴23.
951 3897 1170 3962 Tribus
1201 3898 1455 3965 Graeciae
1507 3898 1779 3984 partibus
1829 3892 2110 3959 addimus
2140 3893 2368 3959 insulas
2412 3893 2654 3982 Graecas
2678 3943 2696 3978 ,

690 4008 908 4101 partim
964 4009 1163 4093 AEgaei
1186 4055 1212 4085 ,
1258 4011 1479 4097 partim
1526 4010 1685 4078 lonii
1749 4008 1932 4077 maris
1953 4057 1971 4093 ‚
2017 4031 2052 4075 e
2092 4008 2316 4098 quibus
2355 4030 2499 4076 cum
2543 4029 2690 4095 pro-
