3111 4829
1326 401 1536 485 (73)

408 535 517 584 ’exlio
539 550 674 585 moro
693 573 710 601 ,
747 546 903 601 quam
922 538 1124 600 patrio,
1148 537 1447 585 colerentur.
1471 533 1547 582 Cf.
1571 531 1713 587 ,idem
1745 530 1810 583 25
1828 568 1845 596 ,
1889 533 1913 582 1
1933 568 1950 596 ,
1983 531 2076 596 29,
2110 530 2191 581 16.
2210 528 2340 609 -17)
2375 523 2441 579 V.

414 624 547 673 Fest.
569 628 629 675 δη
650 627 993 691 municipalia
1026 642 1194 677 sacra.
1228 624 1339 689 -8)
1363 625 1468 672 Liv.
1494 623 1575 685 10,
1606 622 1689 673 47.
1709 651 1770 661 -
1791 622 1845 688 9)
1867 622 1975 671 Liv.
1997 621 2081 686 29,
2106 623 2185 671 10.
2209 627 2261 671 et
2280 622 2358 670 11·.
2375 646 2438 657 —-

416 714 502 778 10)
536 713 611 761 Cf.
636 715 726 763 Dio
761 715 893 763 Cass.
918 714 1010 778 40,
1039 713 1125 778 47,
1149 713 1215 763 42
1235 750 1252 777 ,
1289 714 1386 778 26,
1420 714 1527 762 Cat.
1567 712 1657 779 10,
1684 713 1776 778 26,
1800 714 1943 764 Mart.
1979 714 2071 781 12,
2095 714 2176 764 29.
2196 742 2255 752 —
2277 712 2360 780 11)
2382 714 2446 762 V.

413 800 561 850 Boin.
580 803 719 867 App.
743 801 826 852 70.
1798 813 1802 816 “

1181 943 1346 1005 1111111
1395 928 1689 1006 parvus.

518 1103 624 1170 80.
675 1106 784 1169 Jus
839 1105 1198 1191 gentilitatis
1240 1116 1367 1188 est,
1410 1128 1534 1192 quo
1579 1107 1875 1170 fruuntur
1931 1106 2092 1169 cives
2133 1104 2448 1190 Romani,

421 1227 495 1281 ut
538 1218 834 1304 gentiles,
871 1219 914 1282 i.
969 1242 1024 1284 e.
1080 1216 1359 1304 ejusdem
1408 1222 1647 1305 gentis,
1691 1220 1900 1305 quales
1942 1230 2085 1282 sunt
2130 1219 2296 1284 idem
2337 1244 2452 1306 ge·-

398 1326 627 1395 ‘rentes
680 1353 949 1414 nomen,
997 1333 1062 1395 in
1119 1332 1316 1418 iisque
1368 1331 1676 1417 adoptati,
1743 1323 1900 1420 quin
1959 1334 2143 1398 etiam
2216 1357 2458 1399 manu-

421 1443 593 1508 missi
633 1442 716 1532 1).
743 1445 778 1511 J
783 1469 853 1507 us
886 1445 1242 1530 gentilitatis
1274 1446 1450 1508 initio
1479 1445 1887 1510 nobilioribus
1913 1447 2142 1510 civium
2173 1448 2463 1534 stirpibus

382 1553 391 1559 ⁴
423 1557 761 1643 tributum,
789 1569 974 1645 atque
1002 1557 1154 1622 adeo
1181 1550 1470 1644 patriciis,
1494 1559 1605 1646 qui
1631 1557 1905 1646 quidem,
1935 1584 1997 1624 se
2025 1563 2177 1626 solos
2206 1576 2460 1648 gentem

422 1670 694 1754 habere,
750 1670 978 1757 jactare
1029 1684 1512 1770 consueverant,
1569 1674 1890 1759 proprium
1952 1675 2140 1739 fuisse
2165 1724 2182 1758 ,
2237 1687 2298 1740 et
2365 1701 2460 1741 res

425 1784 677 1870 suadet,
723 1798 787 1851 et
845 1798 1125 1852 veterum
1176 1788 1540 1851 testimoniis
1597 1788 1911 1874 colligitur
1964 1784 2053 1876 2).
2112 1790 2250 1853 Post
2313 1811 2461 1855 cum

425 1894 660 1965 caeteris
702 1899 821 1965 hoc
859 1924 1103 1988 quoque
1134 1902 1299 1987 plebi
1347 1924 1706 1965 concessum
1733 1950 1751 1984 ‚
1783 1914 2075 1965 manente
2110 1914 2318 1968 tamen
2348 1929 2464 1990 pa·-

425 2012 743 2078 triciarum
797 2027 858 2079 et
908 2015 1295 2101 plehejarum
1354 2016 1640 2097 gentium
1688 2015 2065 2081 discrimine.
2128 2016 2410 2102 Adoptati
2444 2065 2462 2101 ,

428 2135 642 2213 utpote
688 2125 833 2191 filiis
886 2130 1156 2215 aequati,
1204 2128 1560 2214 gentilitatis
1605 2128 1765 2212 juris
1833 2131 2197 2215 participes,
2262 2133 2492 2197 liberti

402 2252 686 2329 *patrono
727 2242 982 2305 nomine
1033 2240 1125 2329 (ς.
1175 2239 1357 2328 62.),
1408 2252 1470 2304 at
1513 2263 1641 2304 non
1686 2241 1940 2325 eodem,
1985 2265 2109 2330 quo
2155 2245 2500 2334 ingenui,

422 2355 575 2440 jure
631 2357 891 2443 gentiles
942 2354 1035 2440 3).
1091 2354 1259 2417 Inter
1307 2352 1587 2438 ejusdem
1634 2355 1834 2441 gentis
1874 2355 2156 2423 homines
2211 2363 2469 2448 agnati,

431 2491 592 2555 quos
628 2472 814 2555 vulgo
855 2467 1163 2533 definiunt
1198 2490 1323 2555 per
1364 2469 1589 2531 virilis
1628 2490 1827 2532 sexus
1856 2453 2175 2557 personas
2215 2498 2471 2565 coqua-

433 2585 608 2648 tione
654 2584 1029 2670 conjunctos
1056 2629 1074 2664 ,
1134 2603 1171 2645 a
1216 2581 1450 2645 caeteris
1498 2582 1869 2667 gentilibus,
1918 2585 2027 2671 qui
2072 2596 2131 2649 et
2169 2587 2286 2673 ipsi
2335 2593 2472 2676 pari

438 2698 808 2785 cognatione
854 2695 1365 2781 conjunguntur,
1413 2687 1672 2759 obscuro
1731 2694 2084 2762 discrimine
2129 2697 2469 2787 differunt,

441 2812 513 2876 in
545 2833 668 2899 quo
693 2809 1053 2874 illustrando
1078 2858 1095 2894 ,
1132 2819 1266 2895 post
1304 2805 1568 2872 aliorum
1588 2857 1605 2891 ,
1633 2808 1700 2872 in
1729 2809 1926 2895 iisque
1955 2810 2146 2875 Holtii
2173 2825 2427 2879 conatus
2449 2865 2470 2898 ,

441 2926 736 2991 laboravit
773 2926 1052 3012 Minguet
1100 2922 1165 3011 4)
1189 2947 1208 3008 3
1255 2944 1372 2987 nec
1419 2923 1589 2986 enim
1616 2971 1633 3005 ,
1700 2921 1906 3009 quoad
1965 2922 2072 3007 jus
2121 2928 2475 3010 gentilitatis

446 3052 510 3106 et
549 3040 931 3127 agnationis,
984 3037 1408 3101 difficultatem
1466 3035 1732 3118 tollunt,
1783 3035 1893 3120 qui
1941 3057 2088 3098 curn
2139 3038 2474 3106 Heineccio

450 3165 700 3240 agnatos
745 3176 873 3218 non
902 3162 1168 3248 ‘tantum
1212 3147 1491 3233 ejusdem
1548 3147 1785 3233 gentiS,
1835 3147 1940 3210 sed
1995 3148 2244 3215 familiae
2288 3153 2474 3220 etiam

448 3268 948 3354 interpretantur.
998 3263 1255 3350 Agnatis
1291 3271 1697 3347 opponuntur
1734 3261 1981 3347 cognati
2026 3285 2134 3347 per
2169 3265 2481 3332 foeminini

451 3405 628 3449 sexus
653 3383 904 3467 stirpem
930 3376 1270 3462 conjuncti.
1301 3374 1578 3439 Gentiles
1606 3373 1684 3438 ab
1714 3373 2006 3458 ingenuis
2032 3376 2324 3442 oriundos
2354 3403 2482 3443 esse
2513 3465 2520 3472 χ

450 3509 729 3586 oportere
750 3548 768 3580 ,
804 3516 920 3561 nee
948 3488 1146 3579 capite
1171 3488 1551 3571 deminutos,
1576 3508 1613 3550 e
1643 3485 1953 3550 Ciceronis
1980 3486 2113 3551 loco
2147 3486 2350 3577 (Top.
2381 3492 2476 3582 6.)

456 3615 777 3703 colligunt.

528 3776 590 3842 1)
612 3776 744 3824 rest.
770 3791 781 3822 ε
834 3772 1050 3822 Gentilis
1072 3769 1264 3818 dicitu'r
1284 3772 1334 3816 ot
1361 3781 1422 3815 οι·
1442 3764 1611 3814 eodem
1633 3779 1811 3828 yonam
1850 3769 2021 3829 ortus,
2045 3770 2094 3812 se
2116 3767 2191 3830 is,
2214 3770 2312 3831 qui
2325 3772 2487 3847 simili

457 3868 667 3917 „omina
694 3864 986 3928 adponentur
1000 3879 1020 3920 ,-
1043 3867 1105 3910 ut
1124 3862 1202 3908 ait
1220 3859 1431 3908 Cincius
1449 3873 1470 3904 .·
1494 3855 1704 3921 gentiles
1726 3854 1857 3902 mihi
1872 3860 1997 3902 sunt
2012 3890 2029 3919 ,
2052 3857 2150 3919 qui
2163 3874 2270 3907 meo
2291 3865 2497 3911 nomine

460 3956 805 4019 adponentur.
825 3951 901 3999 Cs.
925 3951 1066 4013 nugo
1081 3946 1127 4017 ᾖ.
1156 3947 1239 3998 69.
1258 3947 1415 3996 Aliter
1442 3943 1737 3993 Heineccius
1758 3941 1818 4008 5,
1839 3933 1901 4006 Ξ,
1926 3943 1977 3992 2.
2014 3944 2118 3994 Cic.
2144 3946 2276 4013 Tap.
2301 3951 2362 4014 6,
2380 3969 2500 4014 qen-

467 4045 579 4095 κιο.
596 4048 748 4106 mne,
769 4042 864 4105 qm·
878 4041 1013 4087 inter
1030 4055 1083 4087 sc
1098 4039 1266 4086 eodem
1280 4043 1403 4086 sune
1418 4035 1641 4082 nomine.
1663 4029 1784 4079 Non
1800 4038 1873 4078 ese
1886 4033 2028 4080 satie.
2051 4034 2162 4097 Qui
2176 4035 2239 4083 ab
2256 4039 2498 4100 inqemu's

462 4136 677 4183 m‘undn‘
696 4138 839 4180 sunt.
875 4129 953 4177 Ne
988 4130 1045 4176 id
1080 4129 1281 4192 quidem
1306 4129 1459 4196 vsatis.
1487 4125 1723 4189 Quorum
1747 4124 1997 4186 majorum
2029 4142 2174 4175 nemo
2208 4133 2492 4178 servitutem

2091 4215 2165 4273 10
