3111 4829
1482 332 1739 416 (192)

611 482 815 536 tamen
838 443 1279 555 prodeuntibus
1298 462 1657 550 adparebat;
1680 485 1885 552 neque
1904 463 1973 529 ln
1991 464 2288 529 tribunali
2307 463 2392 555 (5.
2426 465 2626 553 195.),

614 585 718 651 sed
768 585 837 647 in
882 581 1183 646 subselliis
1224 579 1330 664 jus
1378 577 1708 663 dicebant,
1763 578 1954 643 iidem
2010 589 2217 643 tamen
2268 578 2429 642 inter
2477 578 2634 643 alios

608 699 993 785 magistratus
1020 696 1218 781 primo
1246 695 1379 758 loco
1406 690 1704 758 sedentes,
1735 694 2002 758 Persona
2042 714 2258 758 eorum
2300 692 2396 756 vel
2434 689 2637 756 verbis

608 812 856 877 violanti
882 833 1048 875 sacra
1098 809 1191 894 (5.
1241 804 1428 895 71.),
1466 817 1726 894 potestas
1773 809 1960 872 etiam
2001 807 2323 872 Dictatoris
2369 805 2634 890 imperio

608 936 846 992 exemta
878 925 1063 987 fuisse
1097 921 1324 987 dicitur
1370 920 1486 1011 (cf.
1518 923 1579 1006 §.
1614 922 1762 984 202.
1788 917 1813 1007 )
1836 969 1852 1002 ,
1880 930 2174 984 caeterum
2212 929 2377 982 extra
2414 918 2637 981 urbem

608 1040 781 1105 mille
823 1059 1111 1123 passuum
1153 1034 1383 1121 spatio,
1426 1035 1657 1099 scilicet
1699 1033 2070 1121 quibusdam
2118 1034 2186 1097 in
2230 1030 2452 1114 rebus,
2501 1032 2641 1095 cir-

612 1152 1001 1236 cumscripta.
1035 1152 1209 1215 Rure
1238 1160 1596 1235 pernoctare
1628 1148 1917 1212 Tribunis
1937 1169 2079 1211 >non
2124 1145 2390 1226 licebat,
2431 1164 2638 1231 neque

616 1268 776 1332 ultra
816 1265 1016 1348 diem,
1046 1264 1165 1329 nisi
1199 1286 1309 1349 per
1350 1263 1533 1327 ferias
1569 1261 1812 1326 Latinas
1851 1257 1911 1348 1)
1937 1306 1955 1342 ,
1984 1258 2140 1323 urbe
2182 1257 2408 1323 abesse.
2457 1257 2639 1320 Fores

613 1381 883 1468 denique
926 1401 1143 1445 eorum
1186 1389 1375 1443 noctu
1418 1397 1668 1464 quoque
1709 1373 2000 1461 patebant
2047 1370 2157 1459 2):
2209 1390 2347 1457 quse
2394 1368 2639 1454 singula

614 1497 843 1583 quibus
905 1494 1283 1579 temporibus
1347 1502 1409 1557 et
1451 1503 1756 1578 quatenus
1819 1489 1907 1555 ita
1966 1497 2147 1552 cauta
2204 1485 2641 1568 observataque

614 1611 847 1676 fuerint
871 1656 888 1690 ,
940 1606 1190 1670 difficile
1253 1607 1370 1687 sit,
1419 1617 1585 1670 certe
1642 1606 1711 1668 in
1756 1604 2062 1690 plerisque
2086 1650 2105 1687 ,
2150 1600 2392 1666 idoneis
2440 1621 2643 1686 argu-

615 1723 840 1790 mentis
884 1721 1320 1784 demonstrare.

684 1860 736 1924 1)
759 1860 833 1909 cr.
856 1858 1059 1924 Dionys.
1082 1856 1142 1924 s,
1166 1856 1250 1907 87.
1270 1884 1328 1895 -
1353 1857 1405 1922 2)
1424 1858 1488 1908 ν.
1509 1858 1638 1908 eeu.
1660 1858 1725 1927 s,
1747 1858 1814 1924 2,
1834 1857 2048 1924 15,12,
2071 1855 2293 1906 merob.
2311 1855 2424 1906 See.
2443 1855 2466 1904 1
2485 1891 2501 1918 ‚
2526 1855 2580 1903 s.

1141 2019 1367 2062 snmus
1411 2019 1651 2061 munst
1694 2019 1772 2060 m·
1818 2017 2109 2061 emmens·

703 2164 854 2227 209.
905 2158 1173 2244 AEdiles,
1211 2159 1420 2250 (unde
1450 2157 1705 2223 aedilitas
1749 2168 1810 2222 et
1846 2155 2214 2245 aedilitius)‚
2265 2166 2335 2221 ut
2363 2157 2645 2243 plerique

612 2287 889 2342 veterum
938 2272 1275 2357 tradidere,
1329 2297 1363 2337 a
1409 2282 1580 2358 parte
1636 2271 1914 2336 muneris
1939 2320 1957 2354 ,
2007 2268 2277 2353 aedium,
2331 2270 2454 2335 sive
2496 2293 2649 2335 om·-

613 2392 763 2457 nino
784 2388 848 2478 1)
882 2390 1002 2453 sive
1034 2409 1344 2453 sacrarum
1371 2381 1438 2473 2)
1472 2408 1620 2451 cura
1638 2436 1655 2470 ,
1682 2381 1971 2471 adpellati
1987 2381 2088 2472 3),
2114 2384 2220 2448 alii
2248 2384 2477 2470 plebeji
2500 2433 2518 2468 ,
2542 2383 2649 2449 alii

615 2504 861 2568 curules
883 2551 900 2585 ,
924 2501 1172 2587 utrique
1196 2501 1330 2565 bini
1354 2500 1529 2564 fuere
1554 2523 1571 2563 z
1606 2500 1696 2563 illi
1722 2498 1907 2563 simul
1927 2518 2074 2564 cum
2105 2497 2397 2562 Tribunis
2413 2547 2430 2581 ,
2455 2499 2652 2586 iisque

616 2614 881 2680 ministri
912 2610 1024 2701 4),
1055 2621 1113 2677 et
1155 2634 1395 2697 semper
1436 2611 1513 2675 de
1557 2612 1734 2697 plebe
1778 2613 2004 2695 creati,
2037 2613 2226 2676 nullis
2267 2612 2653 2699 insignibus,

619 2727 723 2793 sed
765 2723 1170 2807 sacrosancti,
1219 2735 1290 2789 ut
1334 2723 1597 2787 Tribuni
1648 2719 1758 2810 5);
1804 2726 2084 2808 curuleS,
2130 2749 2167 2791 a
2218 2728 2363 2791 sella
2412 2729 2653 2812 curuli,

616 2851 965 2930 praetextam
994 2840 1244 2922 insuper
1274 2848 1335 2903 et
1353 2837 1459 2921 jus
1490 2837 1836 2922 imaginum
1863 2837 1957 2927 (§.
1994 2837 2183 2926 132.)
2217 2839 2513 2904 habentes
2547 2839 2655 2927 6),

618 2980 676 3022 a.
710 2954 860 3021 387.
890 3003 907 3038 ,
944 2950 1235 3016 ludorum
1276 2972 1648 3036 magnorum
1689 2951 2008 3016 occasione
2031 3000 2049 3034 ,
2086 2965 2507 3036 accesserunt,
2538 2951 2654 3017 ad-

614 3068 818 3155 jecta,
859 3067 927 3132 in
958 3064 1322 3137 memoriam
1366 3064 1809 3129 communicati
1857 3085 2003 3129 cum
2049 3066 2230 3151 plebe
2271 3068 2656 3149 consulatus,

620 3181 758 3266 die3
805 3203 926 3268 qua
969 3203 1165 3267 quum
1208 3199 1463 3264 praeesse
1501 3176 1665 3241 ludis
1704 3177 1940 3243 AEdiles
1990 3178 2217 3264 plebeji
2268 3191 2654 3263 recusarent,

617 3293 876 3377 juvenes
905 3292 1145 3379 patricii
1175 3313 1246 3357 ea
1277 3289 1629 3355 conditione
1659 3312 1876 3355 curam
1902 3290 2066 3357 hanc
2097 3293 2258 3356 ultro
2296 3313 2614 3377 suscepere
2637 3340 2654 3374 ,

626 3419 695 3472 ut
714 3407 845 3471 bini
875 3429 910 3471 e
941 3405 1211 3491 patriciis
1241 3403 1473 3469 AEdiles
1495 3404 1873 3469 adderentur
1906 3402 1998 3493 7).
2034 3405 2155 3470 Sed
2178 3404 2258 3470 ab
2282 3425 2445 3469 anno
2473 3405 2652 3467 inse-

623 3522 839 3610 quenti
881 3520 1132 3586 alternis
1184 3518 1410 3605 plebeji
1457 3530 1520 3584 et
1560 3519 1839 3607 patricii,
1893 3531 2024 3607 post
2070 3519 2414 3606 promiscue
2461 3517 2652 3584 creati

522 3629 528 3637 “
623 3650 766 3703 sunt
791 3633 878 3723 8).

689 3799 743 3863 1)
767 3799 841 3847 Cf.
868 3800 998 3848 Fest.
1025 3798 1078 3847 in
1098 3799 1303 3848 AEdilis.
1329 3825 1390 3834 —
1409 3797 1461 3862 2)
1486 3798 1562 3846 Cf.
1588 3799 1789 3863 Dionys.
1814 3798 1876 3860 6,
1899 3795 1981 3844 90.
2001 3823 2059 3834 —-
2082 3794 2133 3858 3)
2152 3791 2452 3858 Pomponius
2469 3831 2485 3859 ,
2509 3793 2574 3843 fr.
2597 3795 2653 3857 2,

626 3884 671 3953 §.
693 3886 776 3935 21.
794 3889 854 3936 de
873 3889 1020 3953 Ors‘q.
1039 3888 1160 3937 Jur.
1181 3916 1241 3924 —
1267 3895 1327 3936 ue
1343 3895 1528 3952 essent,
1552 3891 1649 3951 qui
1666 3887 1859 3937 adibus
1872 3892 2144 3949 proeessent
2161 3920 2175 3945 ,
2200 3886 2257 3931 in
2276 3885 2464 3948 quibus
2480 3887 2655 3933 omnia

627 3980 755 4025 scita
766 3977 909 4040 plebs
935 3977 1211 4043 defer-obtat,
1235 3979 1366 4025 duos
1387 3978 1603 4040 explebe
1633 3979 2005 4025 constituerunt
2018 4009 2037 4037 ,
2065 3977 2160 4037 qui
2184 3977 2338 4023 etiam
2368 3976 2539 4023 oeds'los
2561 3976 2654 4023 ad·

626 4067 809 4131 pellan·
824 4072 965 4114 sunt.
982 4065 1099 4126 Quae
1114 4102 1130 4128 ,
1153 4065 1285 4129 quod
1310 4064 1372 4114 ad
1390 4067 1518 4114 aedes
1533 4103 1547 4127 ,
1575 4066 1705 4113 unde
1727 4064 1899 4113 AEdilcs
1921 4064 2151 4115 dicantur
2165 4101 2180 4129 ‚
2197 4079 2290 4118 nec
2308 4081 2424 4115 cum
2443 4066 2651 4114 aliorum
