3111 4829
1323 395 1576 482 (207)

437 526 674 617 gladius
692 579 709 614 ,
745 551 933 616 quem
974 550 1190 594 creans
1231 528 1571 616 Imperator
1615 526 1796 593 dabat
1845 531 1918 593 11
1949 523 1998 617 ).
2050 527 2271 596 Praeter
2311 534 2455 619 gla-

430 640 604 705 dium
626 625 874 728 insigne
903 640 1213 707 habehant
1236 651 1598 726 carpentum
1626 636 1772 728 12).
1800 643 1893 706 De
1922 643 2095 708 titulo
2117 668 2172 711 v.
2206 646 2264 730 §.
2299 647 2455 713 236.

436 753 869 820 Constantinus
921 756 1003 820 Μ.
1045 754 1393 840 Imperium
1432 755 1787 819 Romanum
1823 753 1887 817 in
1929 767 2190 841 quatuor
2220 769 2456 844 partes,

434 871 826 957 praefecturas
847 919 865 953 ,
890 867 1159 933 Orientis
1182 869 1207 958 (
1230 890 1336 954 per
1353 864 1752 954 Orientem),
1774 857 2002 951 Italiae',
2023 870 2250 958 Illyrici
2272 921 2289 954 ,
2315 872 2460 937 Gal-

434 969 662 1050 liarum
685 1033 702 1068 ,
725 983 1004 1048 dividens
1019 1032 1036 1067 ,
1067 983 1322 1070 singulis
1343 983 1706 1047 Praefectum
1727 983 2011 1047 Praetorio
2040 995 2332 1050 rectorem
2354 986 2458 1051 de·-

432 1097 543 1162 dit.
576 1097 768 1162 Italiae
824 1097 1206 1184 praefecturae
1249 1095 1502 1160 accessit
1530 1096 1740 1160 Africa
1766 1145 1783 1179 ,
1809 1097 2021 1161 Galliis
2040 1099 2349 1185 Hispanias
2395 1113 2458 1167 et

447 1212 764 1276 Britannia
796 1207 924 1298 13).
959 1210 1339 1274 Praefecturae
1364 1209 1433 1272 in
1456 1207 1742 1273 dioeceses
1770 1209 1891 1273 sive
1911 1210 2262 1295 vicariatus,
2298 1212 2455 1278 dioe-

436 1346 598 1389 ceses
617 1326 684 1388 in
707 1322 1044 1410 provincias
1088 1322 1294 1385 divisae
1326 1370 1344 1404 ,
1362 1321 1482 1384 illis
1518 1321 1748 1390 Vicarii
1772 1370 1790 1405 ,
1811 1345 1932 1408 quo
1955 1334 2014 1386 et
2037 1324 2290 1390 Exarchi
2319 1337 2456 1392 tra-

442 1438 697 1521 huntur,
715 1436 810 1500 his
829 1436 1242 1517 Proconsules,
1267 1436 1665 1517 correctores,
1684 1434 1995 1510 Praesides,
2022 1448 2135 1502 etc.
2162 1440 2455 1523 praefecti.

442 1552 594 1616 Exin
627 1560 881 1638 potestas
908 1596 927 1632 ,
969 1548 1146 1612 initio
1173 1547 1453 1612 militaris
1472 1596 1489 1630 ,
1510 1558 1643 1633 post
1663 1548 1847 1613 mixta
1870 1595 1888 1632 ,
1919 1549 2110 1613 civilis
2133 1548 2289 1617 facta
2315 1565 2402 1617 est
2428 1604 2447 1638 ,

446 1665 698 1729 militari
721 1665 784 1727 in
817 1662 1130 1748 Magistros
1151 1661 1415 1726 Militum
1452 1662 1740 1725 translata
1757 1710 1775 1746 ,
1801 1672 2100 1748 postremo
2129 1686 2304 1750 paene
2328 1669 2456 1734 sola

433 1776 864 1862 jurisdictione
893 1776 998 1867 (§.
1026 1779 1175 1841 231.
1201 1770 1226 1862 )
1248 1775 1458 1840 relicta
1486 1770 1629 1863 14).

501 1914 553 1982 1)
589 1915 664 1964 Cf.
698 1915 822 1980 Lyd.
858 1914 921 1979 2,
955 1914 1006 1964 6.
1028 1941 1086 1950 ——
1110 1912 1162 1980 2)
1197 1913 1272 1962 Cf.
1307 1913 1468 1978 Diqq.
1511 1914 1574 1962 de
1618 1913 1719 1979 Off.
1753 1913 1914 1978 Proes.
1956 1916 2144 1980 Pron„
2180 1917 2288 1966 Dio.
2322 1915 2455 1971 Cass.

437 2006 501 2056 52
524 2044 540 2072 ‚
577 2006 677 2071 24,
701 2006 765 2055 55
787 2042 803 2070 ,
837 2004 918 2054 10.
938 2004 1073 2066 -5)
1092 2005 1156 2053 V.
1180 2005 1300 2053 Tac.
1334 2006 1477 2054 Ann-
1501 2003 1553 2068 1,
1577 2003 1642 2054 2⁴
1662 2041 1677 2065 ‚
1711 2003 1777 2068 4,
1813 2005 1862 2054 1.
1886 2034 1946 2042 —
1964 2005 2017 2071 4)
2061 2007 2137 2056 Cf.
2169 2008 2289 2057 Tac.
2311 2011 2455 2062 Anu.

437 2095 530 2161 14,
553 2095 636 2145 51.
657 2123 718 2133 —-
740 2095 794 2157 5)
814 2094 889 2144 cf.
913 2093 1033 2143 Tac.
1066 2097 1208 2145 Anu.
1242 2092 1304 2157 4,
1328 2094 1380 2142 2.
1397 2120 1459 2130 —
1485 2094 1538 2158 6)
1565 2093 1640 2141 Ad
1679 2094 1950 2143 Adrianum
1973 2092 1997 2142 ?
2018 2096 2093 2144 Ct'.
2136 2097 2293 2161 Spart.
2325 2100 2455 2148 Δάν.

439 2185 518 2236 18.
545 2213 607 2223 -
629 2183 683 2244 7)
706 2185 782 2232 Cf.
832 2185 967 2232 Suet.
1009 2185 1118 2234 Cal.
1162 2183 1243 2232 19.
1279 2211 1337 2219 -
1367 2182 1419 2237 8)
1456 2182 1621 2248 Lydus
1647 2185 1664 2246 (
1687 2183 1719 2231 2
1737 2220 1752 2246 ,
1786 2184 1837 2233 6.
1863 2185 1881 2248 )
1909 2221 1924 2247 ,
1959 2190 2016 2233 ut
2047 2186 2170 2235 solet
2191 2223 2207 2250 ,
2235 2193 2456 2253 tempora

435 2273 713 2323 confundit.
751 2274 828 2322 Cf.
866 2273 1036 2321 Creuz.
1077 2269 1122 2340 §.
1147 2272 1259 2321 166.
1287 2288 1340 2336 p.
1387 2271 1501 2320 182.
1527 2300 1586 2309 -
1608 2272 1660 2332 9)
1685 2272 1759 2320 Cf.
1793 2274 1951 2338 Capit.
1976 2276 2166 2324 Aaron.
2191 2277 2330 2326 Phil.
2362 2278 2454 2340 11,

431 2362 616 2412 Herod.
648 2360 680 2410 7
696 2397 716 2428 ,
751 2363 783 2412 6
798 2397 817 2427 ‚
854 2364 1015 2427 Diqq.
1046 2362 1124 2410 tit.
1160 2363 1221 2410 de
1256 2361 1357 2426 Off.
1399 2362 1558 2425 Proes.
1581 2362 1736 2411 Prot.
1754 2391 1813 2399 —
1841 2361 1921 2428 10)
1949 2363 2024 2411 Cf.
2058 2364 2412 2414 Herodianus5
2436 2403 2454 2431 ,

439 2453 464 2502 1
490 2489 506 2516 ‚
539 2452 673 2501 Viet.
714 2453 776 2500 de
799 2451 924 2501 Gne.
964 2467 1012 2500 e.
1036 2450 1097 2517 9,
1121 2452 1244 2517 Lyd.
1277 2451 1338 2513 2,
1362 2451 1413 2500 9.
1436 2480 1497 2488 -
1524 2451 1607 2517 11)
1633 2453 1709 2503 Cf.
1732 2455 1862 2503 Ptin.
1895 2455 2088 2520 Paneq.
2118 2455 2181 2506 67
2207 2493 2223 2522 ,
2268 2456 2457 2521 xiphn.

432 2550 487 2598 in
532 2550 764 2613 Trojano
790 2586 806 2614 ,
847 2549 970 2616 Lyd.
1010 2550 1071 2614 2,
1096 2550 1128 2598 9
1157 2553 1208 2598 et
1230 2549 1310 2599 13.
1327 2576 1393 2588 -
1418 2550 1499 2615 12)
1522 2550 1705 2599 Graecia
1728 2545 1918 2616 άπῆιη.
1966 2553 2041 2601 Cf.
2087 2553 2209 2620 Lyd.
2253 2554 2287 2603 2
2308 2590 2325 2619 ‚
2352 2552 2414 2604 1⁴
2435 2587 2454 2615 ,

433 2652 468 2701 δ
486 2689 501 2717 ,
525 2652 609 2704 57.
633 2653 709 2701 Cf.
727 2668 943 2702 cumea
967 2687 984 2717 ,
1018 2653 1202 2725 symm.
1227 2653 1290 2703 10
1307 2689 1323 2716 ,
1347 2652 1431 2702 40.
1453 2651 1625 2715 -15)
1662 2653 1737 2701 Cf.
1763 2653 1887 2719 Lyd.
1912 2654 1946 2703 2
1963 2691 1979 2719 ,
2006 2655 2069 2705 10
2105 2661 2155 2704 et
2178 2655 2258 2705 11.

524 2773 675 2836 226.
727 2770 882 2851 Quae
927 2769 1005 2835 de
1050 2780 1286 2835 mutata
1329 2768 1444 2832 sub
1481 2769 1959 2854 Imperatoribus
2008 2770 2319 2856 republica
2346 2770 2456 2837 hic

435 2883 763 2967 conjuncta
805 2884 1119 2971 posuimus
1142 2932 1159 2966 ,
1209 2883 1499 2970 pleraque
1530 2882 1610 2947 ad
1651 2884 1851 2967 priora
1884 2886 2191 2951 Caesarum
2226 2888 2450 2951 saecula

437 2998 751 3063 referenda
801 3010 961 3063 sunt.
995 2998 1150 3063 Nam
1192 2997 1305 3061 sub
1336 2997 1528 3063 finem
1572 2999 1778 3063 saeculi
1817 2999 1979 3063 tertii
2019 3010 2183 3063 tanta
2238 3022 2451 3064 rerum

435 3112 746 3175 conversio
800 3110 1056 3194 incidit,
1118 3120 1186 3175 ut
1233 3111 1330 3174 vix
1377 3110 1718 3197 quidquam
1775 3112 2103 3177 confusum
2153 3135 2329 3198 aeque
2392 3123 2456 3175 et:

439 3221 828 3311 desperandis
871 3224 1330 3289 difficultatibus
1356 3225 1726 3310 implicitum
1760 3225 1828 3288 in
1855 3226 2277 3317 Romanorum
2310 3225 2454 3290 his-

439 3341 589 3405 toria
617 3340 956 3426 reperiatur
981 3388 999 3422 ,
1040 3349 1225 3425 atque
1258 3340 1378 3404 illis
1411 3338 1785 3424 temporibus
1815 3336 2170 3422 reipublicae
2215 3340 2449 3405 forma:

437 3474 577 3540 quae
612 3475 809 3540 quum
831 3453 1007 3518 nohis
1030 3501 1047 3536 ,
1085 3453 1363 3539 quamvis
1389 3472 1572 3517 novas
1602 3450 1924 3538 dignitates
1955 3452 2117 3518 infra
2140 3451 2167 3543 (
2183 3455 2243 3538 §.
2277 3456 2455 3517 230-

444 3572 524 3632 40
551 3566 1041 3655 )attingentibns
1062 3616 1080 3650 ,
1107 3565 1533 3653 pertractanda
1572 3587 1699 3629 non
1728 3564 1847 3648 sit,
1874 3574 2097 3649 restat,
2140 3575 2210 3629 ut
2234 3613 2253 3649 ,
2291 3565 2456 3632 intra

439 3683 683 3748 eosdem
705 3685 1014 3769 terminos,
1048 3682 1125 3747 de
1144 3682 1431 3766 duorum,
1453 3680 1841 3746 comitiorum
1869 3690 1930 3743 et
1951 3692 2223 3763 senatus,
2245 3680 2455 3746 liberae

442 3795 699 3861 civitatis
766 3798 1183 3862 institutorum
1241 3795 1582 3860 mutatione
1642 3793 2005 3879 paucissima
2057 3791 2454 3876 adjiciantur.

440 3905 708 3991 caetera,
762 3931 900 3996 quae
938 3932 1064 3975 non
1110 3908 1530 3996 praetereunda
1573 3905 1935 3972 videbantur
1958 3954 1976 3991 ,
2022 3918 2083 3971 et
2127 3907 2192 3971 in
2247 3909 2319 3972 iis
2374 3907 2454 3973 ad

441 4020 891 4104 provinciarum
951 4021 1535 4089 administrationem
1608 4022 1933 4107 spectantia
1955 4068 1974 4104 ,
2032 4046 2139 4088 suo
2192 4044 2454 4110 quaeque

442 4134 574 4197 loco
619 4134 883 4200 inserere
919 4137 1271 4202 maluimus.
