3111 4829
1513 369 1838 466 (450)

708 517 948 598 Puerile
970 533 1220 600 quoque
1240 510 1438 588 decus
1469 510 1535 574 in
1564 520 1829 611 pectore
1832 506 1923 584 de
1935 509 2092 586 collo
2108 508 2391 595 pendens
2414 511 2586 580 bulla
2614 514 2709 603 1)

706 605 942 713 Quam,
969 626 1207 692 virilem
1234 615 1437 714 togam
1477 634 1823 708 sumentes,
1856 623 1971 688 diis
1998 623 2341 690 domesticis
2371 619 2719 712 consecra-

702 743 853 809 bant
885 738 974 828 2).
1002 739 1409 806 Nobilioribus
1445 748 1553 802 aut
1591 735 1816 800 ditibus
1854 737 2151 821 pretiosa,
2188 755 2350 823 soepe
2378 761 2564 828 aurea
2595 731 2710 834 3)·
2690 792 2712 826 ‚

647 937 650 940 Ἴ
646 851 997 943 pauperes
1042 863 1102 918 et
1130 853 1259 918 loro
1301 850 1572 916 contenti
1620 847 1708 937 4).
1748 849 2074 915 Femorum
2114 860 2174 913 et
2211 872 2466 917 crurum
2508 863 2712 957 tegu-

703 978 943 1060 menta,
971 964 1310 1047 feminalia,
1334 962 1595 1044 tibialia,
1620 962 1944 1060 Romanis,
1972 961 2089 1026 nisi
2115 963 2477 1030 valetudinis
2499 989 2715 1053 causa,

699 1102 827 1146 non
850 1080 1065 1144 usitata
1096 1076 1197 1165 5)·
1177 1125 1199 1160 ,
1244 1076 1359 1141 sub
1389 1074 1732 1158 Caesaribus
1760 1086 1965 1140 tamen
1991 1119 2008 1158 ,
2055 1063 2473 1150 barbarorum
2495 1101 2670 1158 more
2688 1128 2712 1164 ,

651 1165 658 1198 ς
699 1191 965 1271 braccis,
982 1187 1149 1253 unde
1172 1188 1488 1253 braccatus
1504 1235 1522 1270 ,
1546 1185 1744 1264 Gallia
1765 1187 2064 1271 braccata,
2086 1197 2201 1251 etc.
2230 1184 2298 1276 6)
2324 1189 2430 1255 sed
2451 1212 2583 1256 sero
2608 1187 2709 1279 7),

647 1283 652 1286 .
695 1325 812 1369 nec
843 1304 1221 1390 frequentes,
1254 1300 1506 1387 opinor,
1540 1298 1656 1362 usi.

763 1439 816 1506 1)
841 1439 971 1490 Ptin.
994 1438 1092 1501 55,
1116 1438 1165 1488 1.
1186 1435 1293 1496 Liy.
1326 1435 1421 1500 26,
1444 1435 1537 1500 56,
1555 1433 1690 1484 Flor.
1714 1431 1778 1497 2,
1798 1434 1859 1497 6,
1879 1432 2098 1484 ΗηοιοῘι.
2123 1434 2185 1495 1.,
2205 1436 2257 1485 6.
2296 1436 2373 1489 Cf.
2397 1383 2574 1491 suren.
2600 1442 2706 1509 15,

694 1525 796 1592 55,
818 1532 990 1578 senior
1017 1528 1156 1577 bulla
1177 1528 1490 1592 diqnissinae.
1512 1552 1574 1562 -
1599 1526 1649 1591 2)
1673 1524 1748 1573 Cf,
1780 1523 1930 1589 Prop.
1963 1524 2023 1587 4,
2050 1524 2108 1589 1,
2134 1525 2222 1575 151
2246 1527 2421 1589 ,Peru
2445 1530 2504 1594 5,
2528 1531 2610 1581 51.
2631 1559 2706 1574 -

646 1615 654 1632 ‘
693 1620 748 1681 5)
768 1619 917 1683 Prop.
936 1619 1043 1668 l.c.
1071 1617 1198 1667 Mox
1217 1616 1309 1664 ubi
1324 1615 1463 1663 bulla
1484 1615 1610 1663 rudi
1624 1615 1838 1662 demi-mr
1859 1621 1934 1662 ost
1948 1629 2108 1663 aurea
2129 1599 2284 1681 eollo,
2307 1617 2501 1668 Matris
2515 1630 2565 1669 et
2581 1631 2709 1673 ante

692 1709 811 1759 deos
824 1708 981 1757 libera
1003 1713 1173 1756 sumta
1191 1713 1323 1780 loqu.
1343 1703 1419 1753 cf.
1441 1702 1564 1768 Lyd.
1590 1703 1623 1751 2
1638 1739 1655 1768 ,
1679 1703 1730 1752 5.
1751 1729 1810 1741 ——-
1834 1704 1889 1765 4)
1915 1705 1990 1753 Cf.
2024 1704 2204 1771 Juveu.
2224 1701 2260 1756 5
2279 1744 2296 1771 ,
2329 1708 2443 1758 165.
2466 1711 2597 1777 4-5)
2616 1713 2700 1763 Cf.

637 1841 654 1856 .,
691 1795 814 1845 Hor.
831 1795 939 1846 Sat.
964 1795 1024 1859 1,
1046 1794 1104 1857 2,
1128 1793 1192 1843 25
1209 1823 1226 1856 ,
1245 1792 1379 1850 Suet.
1399 1793 1538 1857 Auq.
1561 1791 1654 1855 82,
1677 1792 1845 1856 Quint.
1868 1792 1959 1857 11,
1982 1792 2034 1843 5.
2053 1819 2113 1832 ·-
2131 1795 2184 1856 6)
2200 1795 2276 1846 Cf.
2299 1796 2436 1847 Suet.
2455 1799 2581 1851 Qec.
2597 1802 2699 1865 80,

693 1881 834 1930 ovid.
875 1883 1037 1933 Tsm.
1061 1883 1123 1944 5,
1163 1881 1261 1946 10,
1295 1880 1391 1945 54,
1424 1879 1574 1945 Prop.
1605 1880 1670 1945 ⁴,
1708 1880 1806 1946 11,
1840 1880 1932 1946 45,
1958 1882 2078 1932 Tac.
2102 1884 2325 1951 Hane,
2364 1887 2707 1956 20.-⁷)Vcr.

690 1966 994 2044 LamprsAl.
1015 1969 1128 2020 Sev.
1148 1968 1231 2018 40.

781 2087 930 2148 454.
982 2081 1204 2168 Capitis
1252 2093 1606 2168 tegumenta
1630 2132 1647 2167 ,
1687 2105 1949 2171 quorum
1999 2087 2193 2159 rarior
2237 2065 2534 2157 Romanis
2583 2067 2713 2162 nec

636 2181 642 2190 ⁶
689 2205 1017 2282 perpetuus
1032 2218 1176 2259 usus
1198 2245 1215 2280 ,
1231 2206 1448 2283 praeter
1466 2196 1803 2279 cucullum,
1825 2183 1967 2262 vesti
1985 2197 2394 2268 adhaerentem
2415 2204 2500 2295 (5.
2521 2195 2709 2296 452),

640 2303 644 2308 ’
689 2318 751 2371 et
785 2308 1031 2373 mitram
1064 2309 1161 2400 (§.
1208 2309 1359 2374 456.
1374 2306 1433 2396 ),
1461 2322 1881 2376 memorantur
1908 2312 2141 2399 pileus,
2183 2317 2463 2404 galerus,
2506 2339 2706 2406 apex,

645 2416 648 2419 ’
685 2431 944 2506 petasus.
997 2422 1084 2485 Ex
1128 2419 1222 2483 his
1267 2423 1557 2514 petasus(
1583 2446 1620 2488 a
1648 2423 1862 2508 varein,
1888 2423 2212 2515 extendo),
2254 2430 2422 2496 unde
2461 2432 2708 2518 petasa-

637 2516 646 2531 ³
684 2544 783 2599 tus
821 2531 923 2619 1),
955 2555 1059 2598 ora
1095 2534 1393 2619 largiore,
1431 2536 1695 2621 pluviae,
1721 2537 1830 2600 soli
1866 2539 2129 2604 arcendo
2149 2512 2461 2635 ,ideoque
2503 2548 2703 2614 viato-

645 2644 855 2747 ribus
881 2645 1074 2729 aptior
1101 2643 1192 2732 2).
1224 2645 1428 2711 Pileus
1457 2643 1562 2734 3),
1591 2647 1759 2712 unde
1786 2649 2074 2736 pileatus,
2102 2655 2344 2747 galerus
2371 2657 2479 2746 4),
2522 2661 2701 2728 unde

635 2770 640 2773 “
685 2756 974 2845 galeritus
1000 2753 1109 2845 5),
1155 2767 1217 2821 et
1244 2780 1392 2842 apex
1420 2760 1636 2844 gallice
1666 2763 1887 2827 rectius
1915 2778 2205 2851 vocentur
2241 2771 2516 2837 bonneu.
2542 2774 2702 2857 Ga·

679 2874 880 2937 lerum
932 2870 1341 2937 sacerdotibus
1388 2872 1717 2939 tribuimus
1764 2874 1860 2964 (5.
1914 2882 2062 2944 318.
2084 2877 2111 2967 )
2127 2929 2146 2964 ,
2199 2882 2303 2948 sed
2353 2874 2457 2950 alii
2501 2888 2695 2978 etiam

681 2962 974 3077 gerebant
997 2984 1085 3075 6).
1115 2970 1281 3073 Apex
1300 3036 1318 3070 ,
1345 2987 1520 3053 altior
1543 3001 1605 3054 et
1637 3001 1891 3074 acutus,
1922 2991 2301 3060 sacerdotum
2328 2997 2426 3089 (5.
2453 3005 2605 3089 318.
2621 2998 2692 3090 )2

680 3092 865 3165 etiam
903 3101 1152 3189 Regum
1179 3099 1283 3188 7);
1313 3124 1447 3167 raro
1481 3105 1719 3199 vulgari
1758 3127 1877 3170 usu
1919 3102 2008 3194 8).
2034 3109 2203 3174 Inter
2240 3113 2692 3199 calceamenta,

549 3279 560 3290 ,
680 3211 841 3301 (quo
889 3211 1214 3296 trahenda,
1254 3215 1559 3300 calceare,
1583 3218 1922 3300 calceolus,
1962 3221 2426 3314 calceolarius,)
2467 3227 2692 3294 sauda-

613 3378 614 3383 ,
674 3325 761 3390 lia
797 3321 906 3412 9),
936 3326 1110 3390 soleae
1150 3322 1259 3413 10)
1283 3322 1605 3417 (ἶπέδημα)
1626 3379 1642 3412 ,
1681 3341 1742 3401 et
1775 3353 1813 3396 a
1849 3332 2037 3397 Gallis
2076 3348 2369 3402 mutuatae
2410 3341 2643 3426 gallicae
2665 3390 2689 3427 ,

676 3460 757 3502 sc.
792 3437 966 3501 soleae
994 3433 1123 3525 11).
1168 3438 1356 3525 Magis
1388 3443 1631 3526 proprie
1670 3445 1859 3513 calcei
1897 3459 2183 3514 vocantur
2209 3453 2477 3537 mullus,
2508 3477 2689 3521 cam-

630 3638 633 3642 *
675 3572 870 3638 pagus
904 3546 1045 3638 12),
1073 3562 1133 3615 et
1160 3551 1398 3618 altiores
1425 3577 1680 3641 perones
1707 3554 1852 3646 13),
1883 3560 2048 3627 unde
2077 3577 2419 3649 peronatus.
2453 3566 2689 3639 Graecis

605 3732 610 3741 ,
673 3664 907 3728 usitatae
941 3661 1241 3750 crepidae,
1291 3667 1450 3732 socci
1505 3680 1569 3733 et
1615 3669 1901 3738 cothurni
1941 3671 2090 3763 14),
2136 3676 2202 3741 hi
2258 3680 2541 3765 tragicis,
2589 3681 2689 3747 illi

619 3814 622 3817 -
673 3775 920 3841 comicis
960 3779 1309 3844 auctoribus
1349 3782 1632 3850 solennes
1671 3783 2017 3877 (5355.)
2061 3792 2133 3856 In
2174 3790 2424 3878 reliquis
2459 3791 2688 3887 distin-

667 3898 877 3970 guunt
942 3889 1174 3975 ligneos
1233 3910 1624 3982 pauperum,
1691 3900 2045 3994 sculponeas
2118 3905 2495 3993 agrestium
2538 3891 2684 3996 15),

668 3998 891 4084 caligas
956 4002 1281 4093 militares,
1350 4020 1411 4074 et
1466 3996 1675 4117 nigros
1733 4027 2077 4127 senatorum
2147 4018 2367 4123 lunula
2435 4034 2683 4110 ornatos
