3111 4829
706 584 1063 645 permutatque
1083 582 1254 629 domoc
1266 613 1286 645 ,
1311 580 1601 643 “flammea
1624 575 1837 625 comer-it
1851 608 1867 636 ,
1891 573 2012 622 inde

705 673 888 723 Aeolo!
899 707 918 737 ,
943 679 991 719 01
1003 672 1161 735 spreti
1181 671 1358 733 repetit
1380 669 1588 730 vestigia
1605 667 1736 715 lecti.

709 761 932 811 Ornatas
946 761 1106 825 paulo
1122 767 1238 808 ante
1246 757 1386 820 soree
1403 792 1421 821 ‚
1436 757 1710 820 pendentia
1731 754 1922 818 linquit

710 849 837 899 Vela
858 852 1037 899 domus
1057 885 1074 913 ‚
1096 856 1143 897 et
1159 848 1327 897 adhuc
1346 846 1531 894 virides
1554 847 1610 892 in
1631 844 1805 892 limine
1824 856 2009 892 ramos.

709 939 796 988 Sic
817 940 996 988 crosent
1018 952 1261 986 numeru·
1283 972 1299 1000 ‚
1324 937 1397 984 eie
1416 935 1557 1000 fiunt
1574 939 1679 983 octo
1700 932 1878 982 mariti

659 1028 952 1092 Quinque
967 1044 1065 1090 per
1082 1032 1375 1075 autumnos.

449 1118 501 1184 5)
537 1116 765 1166 Cs.1·'est.
793 1117 846 1164 in
876 1118 1291 1179 renuat-cipetum.
1314 1111 1449 1177 -6)
1484 1111 1560 1160 Cf.
1597 1111 1724 1160 Teo.
1757 1110 1903 1160 Ann.
1932 1108 2029 1172 11,
2056 1071 2153 1170 30,
2188 1107 2367 1155 Juven.
2383 1104 2453 1170 9,

447 1208 533 1258 75.
549 1207 689 1270 -7)
724 1209 800 1257 Cf.
823 1208 927 1256 Cic.
951 1207 1081 1257 Phil.
1106 1209 1165 1270 2,
1188 1206 1271 1256 28.
1296 1205 1436 1271 -8)
1472 1197 2454 1266 ctum.11,105‚Juven.6,144,

451 1303 548 1346 tres
568 1314 707 1362 ruqoe
725 1297 971 1360 subeant,
994 1324 1058 1337 -ι
1075 1296 1252 1360 colligo
1286 1295 1577 1345 sarcinulas
1607 1329 1623 1357 ‚
1652 1293 1785 1340 dicet
1816 1291 2052 1353 libertus,
2079 1296 2126 1338 et
2152 1291 2250 1337 exi.
2281 1286 2418 1334 Idem
2437 1319 2454 1347 ‚

449 1402 500 1437 v.
521 1386 615 1435 170
634 1424 649 1451 ,
669 1385 831 1451 lepide
869 1386 932 1433 ad
953 1385 1150 1434 divortii
1181 1384 1417 1433 formulas
1440 1381 1663 1431 alludens
1686 1417 1702 1444 ‚
1725 1382 1839 1429 tolle
1858 1388 2003 1429 mum
2024 1415 2040 1440 ,
2068 1393 2248 1441 precor
2264 1413 2281 1439 ,
2304 1376 2457 1424 Han-

337 1498 360 1532 ·‚
426 1476 670 1524 'nibalem
704 1479 988 1539 victumque
1009 1472 1288 1538 Syphacem
1314 1476 1371 1521 δη
1391 1474 1592 1536 castris,
1613 1478 1660 1517 et
1689 1486 1803 1518 cum
1830 1476 1930 1516 tota
1952 1467 2254 1530 Carthaqine
2274 1467 2458 1528 mt‘qra.

453 1591 516 1602 —
534 1562 586 1629 9)
622 1565 698 1612 Cr.
719 1565 836 1614 Ter.
856 1557 993 1615 Hoc.
1012 1565 1062 1630 2,
1087 1565 1110 1613 1
1138 1600 1155 1628 ,
1180 1563 1262 1613 ⁴5.
1283 1590 1343 1600 —
1364 1562 1448 1622 1⁰,
1480 1562 1559 1610 Cf.
1581 1560 1685 1608 Cic.
1708 1560 1768 1608 de
1789 1558 1933 1608 Orat.
1958 1556 1983 1606 1
2000 1591 2017 1621 ,
2035 1554 2118 1606 ⁴0.

629 1769 634 1774 A
1073 1702 1428 1745 ιιιιειιοιιωι
1472 1697 1835 1742 msrxrurro.

546 1801 694 1863 483.
743 1797 1012 1882 Puerum
1063 1793 1313 1860 tollendi
1359 1789 1594 1876 ritum,
1639 1791 1916 1873 bullam,
1958 1798 2161 1873 togam
2204 1795 2461 1871 praetex-

455 1919 580 1973 tam
626 1921 686 1974 et
738 1911 970 1974 virilem
1005 1932 1050 1975 s.
1104 1909 1359 1973 liberam
1397 1905 1500 1997 (§.
1558 1902 1731 1991 450)
1774 1902 1918 1968 alibi
1969 1900 2299 1986 attigimus.
2345 1897 2465 1965 vi-

456 2025 584 2087 rilis
633 2025 1012 2090 Liberalibus
1062 2024 1324 2088 maxime
1384 2032 1580 2085 sumta
1632 2019 1733 2108 (5
1790 2013 2035 2106 337.),
2095 2012 2461 2092 domestica,

455 2136 521 2198 in
554 2136 906 2220 Principum
938 2136 1143 2197 liberis
1167 2133 1477 2196 interdum
1505 2132 1747 2216 publica
1774 2131 1956 2192 etiam
1988 2128 2340 2192 solennitate
2376 2119 2461 2210 1).

456 2245 684 2312 Eadem
715 2248 852 2311 vitae
895 2247 1156 2332 publicae
1199 2245 1369 2332 quasi
1415 2240 1818 2330 primordium
1844 2235 2101 2328 2);quo
2147 2233 2463 2301 referenda

458 2358 573 2423 tiro
596 2358 686 2449 3),
724 2360 1079 2425 tirocinium
1122 2356 1211 2447 4),
1245 2360 1460 2449 forum
1500 2359 1820 2444 altinqere
1843 2400 1869 2431 ,
1898 2357 1969 2419 in
1992 2356 2208 2443 forum
2245 2353 2461 2416 venire

462 2473 569 2565 (5
622 2479 770 2542 471.
811 2472 1072 2565 )Festus
1103 2494 1347 2561 quoque
1386 2470 1513 2535 dies
1543 2470 1749 2555 positae
1790 2469 2055 2557 primum
2098 2467 2304 2532 barbae
2343 2463 2459 2556 5),
2510 2540 2514 2545 ‚

456 2613 680 2678 quam,
720 2602 791 2656 ut
843 2592 1080 2656 crinem
1127 2587 1195 2680 6)
1243 2589 1446 2670 etiam,
1478 2608 1609 2651 mos
1650 2585 1895 2649 numini
1925 2582 2167 2649 cuidam
2213 2581 2458 2665 dicare,

457 2716 518 2770 et
569 2706 900 2770 infantium
929 2753 948 2787 ,
971 2704 1036 2767 in
1075 2725 1267 2788 puero
1305 2723 1506 2765 nonus
1536 2748 1553 2784 ‚
1599 2700 1663 2763 in
1690 2700 1888 2784 puella
1917 2710 2160 2761 octavus
2184 2746 2202 2781 ‚
2236 2696 2460 2774 lustri-‚-

454 2839 564 2883 cus
587 2829 646 2882 et
669 2817 1018 2898 nominaliS,
1043 2815 1192 2898 dies,
1220 2815 1552 2877 nominalia
1572 2810 1665 2900 7),
1695 2833 1817 2898 quo
1835 2809 2130 2875 trahenda
2154 2812 2238 2899 (5.
2271 2793 2453 2896 313.)

456 2941 517 2994 et
554 2929 666 2994 dea
699 2928 984 2992 Nundina
1027 2923 1116 3014 8).

544 3041 635 3106 De
693 3042 885 3127 patria
940 3049 1270 3125 potestate,
1322 3035 1806 3122 emancipatione
1854 3047 1914 3102 et
1975 3034 2333 3120 adoptione,
2380 3031 2458 3099 de

442 3156 642 3219 *tutela
680 3154 826 3218 item
848 3203 866 3237 ,
899 3162 1198 3239 quantum
1233 3150 1370 3214 satis
1411 3150 1642 3233 visum,
1688 3149 1821 3213 aliis
1858 3148 2003 3212 locis
2048 3147 2451 3234 exposuimus.

457 3268 549 3331 De
595 3266 926 3330 liberorum
969 3286 1110 3329 vero
1163 3260 1583 3347 institutione,
1631 3262 1782 3326 ratio
1826 3262 1982 3344 sert,
2034 3262 2216 3326 aliam
2264 3261 2462 3347 prisco

455 3394 767 3468 tempore,
811 3379 994 3444 aliam
1037 3378 1332 3465 posterius
1373 3376 1578 3443 fuisse.
1618 3377 1773 3440 Nam
1809 3376 2066 3441 rudibus
2103 3376 2306 3441 adbuc
2354 3377 2460 3441 lit-

457 3496 598 3562 teris
650 3493 1003 3578 artibusque
1053 3492 1480 3558 Romanorum
1532 3490 1800 3576 ingeniis
1855 3491 1958 3580 (5.
2017 3494 2167 3555 396.
2218 3512 2345 3577 sqq.
2383 3485 2455 3577 ),

458 3608 682 3695 ignotis
729 3604 1082 3671 divitiarum
1130 3603 1470 3687 illecebris,
1518 3602 1730 3667 durior
1771 3602 1889 3666 fuit
1944 3624 2274 3688 puerorum
2322 3601 2461 3666 dis-

455 3720 710 3806 ciplina3
765 3728 827 3782 et
887 3738 1033 3781 cum
1083 3716 1149 3780 in
1201 3716 1334 3780 aliis
1387 3716 1681 3798 severior,
1730 3726 1861 3779 tum
1924 3715 2001 3778 ad
2051 3715 2331 3780 bellicam
2389 3716 2457 3780 in

456 3834 678 3899 teneris
720 3832 940 3897 animis
987 3829 1411 3895 fortitudinem
1457 3828 1836 3894 excitandam
1891 3829 2294 3916 alendamque
2343 3831 2459 3893 in·-

456 3946 666 4044 primis
692 3943 1138 4011 accommodata
1165 3992 1183 4029 ‚
1213 3942 1472 4032 ideoque
1501 3942 1880 4033 potissimum
1910 3943 1977 4012 in
1999 3966 2249 4033 corpore
2270 3966 2459 4011 exer-

455 4058 649 4145 cendo
686 4070 748 4127 et
783 4059 1121 4133 roborando
1171 4058 1382 4148 posita.
