3111 4829
1569 420 1592 502 (
1636 419 1753 480 124
1795 419 1819 497 )

672 550 1113 617 constitutum:
1155 553 1265 638 qui
1306 561 1574 638 quantus
1614 551 1762 613 olim
1812 550 2036 631 fuerit,
2083 551 2428 632 incertum3
2481 547 2691 633 majo-

674 684 807 733 rem
845 673 1050 733 tamen
1075 713 1092 747 ‚
1121 687 1309 751 quam
1340 664 1554 749 primae
1582 663 1784 726 classis
1813 660 1840 751 (
1855 656 1909 739 §-
1947 657 2166 748 144.)‚
2196 664 2359 724 certe
2387 660 2694 724 minorem

677 798 805 843 non
834 762 1119 845 'crederes
1169 775 1275 864 1).
1330 776 1404 839 In
1457 796 1622 839 novo
1657 774 1871 839 ordine
1920 773 2390 861 quadringenta
2427 774 2697 841 sestertia

675 890 890 974 fuisse,
939 901 1170 955 constat
1220 886 1332 976 2),
1383 910 1571 976 quam
1616 909 1922 953 summam
1963 887 2079 951 sub
2122 888 2366 953 Tiberio
2413 889 2479 950 in
2528 898 2697 973 patre

677 1025 925 1092 quoque
964 1014 1023 1068 et
1071 1026 1180 1068 avo
1232 1006 1326 1067 lex
1371 1004 1574 1089 exegit
1616 1000 1705 1090 3).
1753 1001 1873 1067 Sed
1919 1024 2035 1066 nec
2078 1024 2295 1067 census
2337 1004 2496 1066 solus
2522 1052 2538 1081 ,
2582 978 2697 1073 nec

673 1118 928 1182 omnino
963 1118 1030 1180 i‘n
1075 1115 1350 1204 legendis
1399 1116 1726 1204 Equitibus
1768 1127 2033 1204 spectata
2070 1092 2430 1202 Equestrem
2476 1117 2696 1202 digni-

602 1310 610 1327 ,
675 1242 865 1297 tatem
906 1229 1169 1314 dabant3
1212 1232 1336 1318 legi
1379 1232 1548 1303 enim
1590 1230 1722 1295 haec
1756 1231 1972 1299 omnia
2007 1229 2300 1295 habentes
2341 1231 2696 1316 oportebat,

673 1345 901 1432 jusque
959 1344 1252 1431 legendi,
1316 1368 1353 1410 a
1417 1344 1698 1430 Regibus
1762 1326 2165 1428 usurpatum,
2215 1353 2344 1428 post
2403 1342 2478 1406 ad
2531 1344 2697 1413 Gen-

678 1436 841 1521 sore's
884 1458 1222 1543 pertinuit,
1249 1469 1320 1527 ut
1354 1458 1637 1522 omnium
1687 1458 1960 1539 civium,
1993 1458 2079 1530 sic
2118 1458 2410 1543 Equitum
2441 1477 2698 1522 censum

570 1634 574 1639 .
673 1582 928 1669 agentes
968 1622 987 1658 ,
1067 1583 1599 1658 congregatosque
1659 1572 1987 1659 quotannis
2061 1572 2297 1634 solenni
2360 1572 2480 1643 ritu
2571 1572 2703 1635 lus-

668 1697 944 1755 trantes:
999 1709 1138 1775 quae
1179 1687 1404 1751 dicitur
1460 1676 1712 1768 annua,
1758 1686 1827 1757 in
1893 1696 2126 1749 mutato
2193 1708 2441 1779 quoque
2484 1684 2699 1756 ordine

672 1811 947 1883 servata,
1003 1801 1360 1873 transvectio
1415 1798 1516 1886 4).
1578 1798 1792 1871 Idibus
1843 1799 2010 1873 enim
2059 1799 2426 1885 quintilibus
2489 1819 2704 1867 omnes
2765 1814 2775 1839 '

675 1891 921 1999 equites*
943 1934 1167 1976 corona
1197 1912 1515 1999 oleaginea
1545 1912 1735 1975 cincti
1762 1960 1778 1994 ,
1809 1911 2138 1999 trabeaque
2165 1913 2428 1997 palmata
2464 1910 2702 1993 decori,

677 2038 739 2090 et
789 2027 1116 2109 militaria,
1160 2027 1210 2092 si
1247 2048 1368 2115 qua
1413 2035 1809 2110 acceperant,
1856 2036 2212 2096 ornamenta
2255 2035 2571 2111 gerenteS,
2619 2023 2698 2089 ab

677 2138 811 2204 aede
840 2140 1102 2203 Honoris
1129 2139 1207 2203 ad
1242 2121 1613 2224 Capitolium⁴
1641 2137 2190 2211 transvehebantur
2218 2135 2319 2224 5):
2350 2160 2476 2224 quo
2504 2159 2701 2223 quum

670 2253 1007 2335 venissent,
1045 2253 1262 2342 quinto
1313 2274 1560 2339 quoque
1607 2275 1768 2323 anno
1796 2302 1814 2335 ‚
1864 2273 2095 2341 equum
2147 2273 2337 2324 manu
2380 2262 2657 2316 tenentes
2689 2300 2708 2337 ,

670 2376 814 2433 ante
845 2367 1170 2431 Censorem
1201 2367 1268 2430 in
1298 2368 1443 2436 sella
1474 2367 1687 2451 curuli⁶
1706 2365 1799 2458 (§,
1841 2364 2030 2458 185.)
2059 2365 2372 2432 sedentem
2406 2365 2701 2432 consiste-

672 2481 842 2544 bant.
888 2480 945 2541 Is
988 2478 1313 2567 probatum
1358 2481 1646 2564 Equitem
1691 2480 2013 2544 traducere
2057 2503 2290 2567 equum
2336 2478 2419 2568 6)
2445 2480 2705 2563 jubebat

675 2594 699 2681 (
723 2592 960 2655 traduc
993 2589 1269 2684 equum)
1290 2638 1315 2667 ,
1347 2594 1625 2661 moribus
1667 2603 1874 2658 autem
1903 2593 2163 2656 infames
2186 2641 2203 2674 ,
2250 2604 2311 2657 et
2344 2593 2390 2662 si
2423 2594 2532 2678 qui
2561 2615 2707 2658 cen·-

672 2726 810 2767 sum
856 2704 1016 2767 infra
1063 2704 1413 2788 legitimum
1454 2704 1952 2784 imminuissent,
1995 2724 2230 2788 equum
2277 2702 2543 2770 vendere
2578 2706 2704 2785 ju-

672 2820 828 2883 bens
872 2815 941 2906 7)
985 2817 1201 2881 ordine
1247 2818 1550 2890 movebat.
1599 2819 1798 2890 Minor
1841 2816 2284 2888 animadversio
2328 2818 2408 2881 ob
2468 2840 2704 2903 equum

675 2933 837 3004 male
875 2941 1161 2996 curatum
1188 2978 1205 3012 ,
1246 2950 1385 3016 quae
1425 2930 1746 3015 impolitiae
1789 2941 1934 2995 nota
1977 2929 2296 2998 dicebatur
2347 2928 2447 3018 8).
2498 2932 2705 3015 Quem

669 3069 812 3111 vero
871 3047 1137 3128 Censor,
1189 3045 1536 3130 catalogum
1589 3045 1886 3131 Equitum
1945 3045 2250 3129 recitans,
2309 3046 2509 3132 primo
2564 3046 2700 3110 looo

669 3160 1073 3241 nominabat,
1132 3160 1182 3222 is
1243 3159 1534 3245 Princeps
1594 3159 1944 3223 Juventutis
2006 3155 2372 3243 dicebatur3
2432 3180 2703 3244 eumque

672 3274 950 3357 titulum,
983 3275 1049 3338 iu
1075 3273 1282 3342 numis
1306 3283 1733 3342 occurrentem
1755 3322 1772 3356 ‚
1796 3272 1911 3337 sub
1941 3273 2420 3359 Imperatoribus
2444 3273 2705 3361 juvenes

675 3386 940 3457 Cmares
1000 3386 1357 3456 habuerunt
1380 3409 1399 3469 3
1445 3407 1518 3449 ac
1562 3386 1779 3469 fuere,
1830 3387 1940 3474 qui
1993 3385 2072 3449 ab
2123 3386 2402 3471 Augusto
2447 3384 2703 3454 demum

669 3500 1089 3566 introductum
1128 3501 1351 3564 vellent
1379 3494 1469 3584 9).
1512 3487 1590 3561 In
1629 3499 1941 3585 equitibus
1979 3510 2195 3585 prae-ter
2230 3518 2483 3561 censum
2524 3517 2704 3580 spec-

628 3689 631 3694 ,
670 3616 955 3702 tabantur
998 3626 1140 3678 aetas
1180 3625 1240 3678 et
1285 3635 1499 3699 genuS.
1549 3615 1720 3677 AEtas
1754 3614 1834 3690 ab
1869 3613 2151 3699 Augusto
2196 3622 2413 3676 statuta
2460 3609 2704 3699 duode-

668 3729 882 3812 viginti
909 3749 1246 3810 annorum3
1273 3727 1338 3796 in
1361 3726 1552 3790 libera
1578 3727 1822 3797 civitate
1846 3748 2131 3813 quaenam
2160 3726 2379 3807 fuerit,
2406 3724 2696 3797 dubium.

556 3881 567 3900 r
665 3839 907 3904 Genera
948 3841 1228 3925 patricios
1281 3850 1343 3903 et
1384 3841 1655 3925 plebejos
1689 3841 1863 3925 juxta
1912 3850 2186 3924 receptos
2231 3838 2547 3924 diximus3
2586 3840 2702 3910 sub

667 3951 1003 4024 Caesaribus
1043 3965 1102 4016 et
1137 3953 1412 4017 libertini
1449 3974 1901 4039 nonnunquam
1939 3953 2172 4016 annulo
2217 3951 2426 4018 donati
2462 3949 2595 4039 10).

737 4109 787 4176 1)
813 4110 885 4161 Cf.
908 4111 1010 4158 Cic.
1037 4113 1096 4161 cle
1124 4112 1254 4175 Rep.
1295 4116 1357 4176 2,
1388 4114 1468 4162 92.
1492 4144 1545 4152 -
1574 4115 1625 4176 Ξ)
1650 4115 1710 4164 V.
1745 4115 1874 4163 Plin.
1899 4110 2005 4176 33,
2033 4113 2097 4179 2,
2135 4115 2548 4181 Juven.1‚1oo,
2577 4117 2696 4165 llor.
