3111 4829
1600 369 1809 453 (36)

710 509 941 589 amnis,
968 508 1078 593 qui
1107 527 1177 570 ex
1195 503 1522 591 Apennino
1562 504 1763 567 oriens
1784 502 1939 567 mari
1969 501 2182 567 thusco
2201 501 2280 567 ad
2309 501 2545 567 Ostiam
2565 497 2713 564 mis-

694 631 879 699 cetur
904 669 923 704 ‚
951 619 1169 683 urbem
1205 619 1527 701 sinuosus,
1566 616 1953 702 insulamque
1995 616 2345 683 Tiberinum
2399 616 2667 680 efficiens
2693 662 2712 697 ‚

703 730 1032 815 interfluit3
1059 729 1166 794 sed
1193 731 1408 815 exigua
1438 751 1577 814 pars
1597 776 1616 811 ‚
1647 750 1784 823 quae
1809 728 1875 791 in
1904 726 2107 792 dextra
2130 730 2262 813 ripa
2283 776 2300 811 ,
2341 740 2402 792 et
2441 751 2570 792 sero
2597 727 2714 792 ad-

703 847 885 931 jecta.
917 844 1049 911 Sub
1071 842 1320 929 regibus
1342 843 1527 909 vicini
1548 842 1820 907 Palatino
1840 841 2044 923 colles,
2079 840 2338 907 dubium
2357 890 2375 924 ,
2399 864 2522 928 quo
2546 817 2716 926 quis·

704 982 826 1045 que
848 970 1119 1043 tempore
1136 1004 1154 1039 ,
1175 966 1580 1021 accesserunt.
1608 956 1853 1041 Septem
1876 954 2184 1019 moenibus
2198 955 2449 1021 inclusit
2471 955 2717 1019 servius

704 1068 1186 1151 Tullius,-unde
1232 1069 1705 1153 Septimontium
1754 1068 1884 1157 (sc.
1943 1065 2244 1156 sacrum.)
2297 1065 2410 1155 3),
2460 1078 2520 1132 et
2571 1066 2719 1139 urbs

703 1182 1024 1266 septicollis
1046 1206 1064 1264 ;
1103 1181 1276 1265 isque
1309 1181 1473 1247 situs·
1499 1206 1534 1246 a
1573 1182 1761 1266 poetis
1801 1178 2144 1244 celebratur
2199 1185 2285 1264 4).

791 1293 1052 1357 Nomina
1105 1294 1351 1357 illorum
1408 1294 1660 1359 collium
1686 1344 1703 1378 ‚
1760 1297 2010 1361 incertae
2064 1295 2355 1382 pleraque
2409 1294 2662 1379 originis
2702 1341 2720 1375 ‚

703 1403 1053 1486 Palatinus,
1114 1402 1526 1490 Capitolinus,
1585 1406 1848 1489 Coelius,
1895 1407 2273 1489 Aventinus,
2324 1405 2675 1491 Esquilinus
2702 1454 2721 1486 ,

703 1516 1059 1600 viminalis,
1089 1515 1446 1597 Quirinalis.
1495 1519 1804 1584 Palatinus
1844 1519 2148 1584 Palatium
2190 1541 2435 1605 quoque
2472 1517 2714 1600 dictus,

707 1641 1019 1715 corrupta,
1063 1642 1133 1693 ut
1173 1632 1424 1716 quidam
1463 1644 1714 1717 putant,
1746 1656 1889 1698 voce
1929 1633 2363 1699 Pallanteum
2395 1632 2489 1720 (5.
2525 1629 2673 1718 37.)
2705 1678 2723 1714 ‚

706 1743 888 1827 cujus
930 1744 1196 1806 nominis
1231 1744 1377 1807 urbs
1410 1746 1478 1815 in
1521 1767 1594 1808 eo
1636 1757 1843 1811 montc
1898 1747 2083 1810 fuisse
2124 1746 2476 1827 ferebatur,
2526 1764 2727 1829 eaque

706 1856 876 1929 vela
916 1857 1283 1941 cognomine
1325 1856 1602 1925 Arcadiae
1649 1859 1836 1942 urbe,
1873 1859 1964 1922 vel
2008 1882 2045 1924 a
2089 1860 2361 1923 Pallante
2386 1906 2403 1939 ‚
2455 1855 2727 1921 Evandri

707 1968 837 2032 filio
863 2015 880 2047 ‚
922 1966 1239 2054 adpellata.
1285 1967 1411 2049 Qui
1455 1970 1686 2036 famam
1729 1970 1804 2035 de
1838 1970 2121 2036 Evandro
2150 1970 2283 2035 haec
2317 1972 2450 2034 loca
2485 1970 2728 2035 colente

708 2091 1042 2166 spernunt,
1073 2080 1168 2146 his
1193 2130 1211 2164 ,
1247 2094 1730 2151 consentaneum
1764 2095 1854 2149 est
1877 2133 1893 2166 ‚
1937 2081 2056 2149 alia
2093 2084 2289 2170 magis
2327 2083 2606 2169 placere3
2656 2081 2729 2148 in

711 2199 938 2283 quibus
980 2197 1271 2265 derivatio
1329 2223 1366 2266 a
1410 2200 1653 2265 halante
1697 2222 1915 2286 pecore
1956 2212 2017 2264 et
2059 2222 2095 2264 a
2140 2199 2253 2264 dea
2300 2199 2442 2263 Pale
2500 2194 2592 2283 5).
2646 2195 2730 2265 ln

709 2311 944 2383 Palatio
990 2312 1207 2381 Romae
1259 2313 1669 2396 incunabula,
1714 2313 2072 2399 ibidemque
2122 2312 2267 2381 inde
2319 2312 2398 2376 ab
2447 2310 2730 2396 Augusto

712 2422 1021 2491 Caesarum
1063 2427 1319 2508 domus,
1383 2427 1492 2489 ubi
1538 2449 1709 2491 nunc
1769 2426 1930 2491 horti
1993 2427 2383 2508 Farnesiani,
2434 2448 2471 2490 a
2517 2435 2731 2493 monte

708 2533 1007 2618 adpellata
1040 2542 1079 2599 6
1104 2535 1130 2624 )
1158 2562 1177 2621 ;
1209 2537 1376 2601 unde
1419 2550 1549 2621 post
1598 2541 1818 2622 palatia
1850 2541 2203 2625 principum
2258 2540 2567 2611 domicilia
2597 2586 2615 2622 ‚
2666 2550 2734 2602 et

707 2646 888 2713 latius
947 2670 1140 2734 usque
1208 2659 1418 2733 patens
1475 2648 1756 2714 vocabuli
1794 2650 2098 2736 (palaie)
2146 2650 2525 2735 significatio.

777 2835 843 2900 1)
878 2836 940 2883 V.
965 2835 1075 2883 Plin
1098 2836 1174 2885 ΙΙ.
1200 2836 1271 2884 N.
1292 2837 1354 2900 5,
1378 2836 1429 2884 5.
1455 2863 1516 2872 —-
1541 2836 1610 2900 2)
1635 2836 1711 2884 Cf.
1734 2836 1837 2884 Cic.
1862 2837 1923 2884 do
1946 2835 2164 2899 Repubz.
2186 2836 2218 2884 2
2236 2872 2251 2899 ‚
2271 2837 2321 2885 5.
2341 2838 2392 2886 6.
2410 2873 2425 2900 ,
2446 2838 2645 2904 Dionys.
2664 2840 2735 2904 8,

722 2925 794 2989 8.,
819 2925 989 2973 Crcuz.
1012 2922 1055 2992 §.
1082 2926 1163 2975 16.
1184 2953 1243 2962 --
1263 2926 1315 2990 5)
1340 2926 1417 2973 Cf.
1438 2925 1593 2972 Varro
1613 2926 1674 2973 do
1695 2924 1841 2984 LJ..
1859 2924 1896 2972 l.
1918 2923 1970 2975 5.
1992 2941 2043 2988 p.
2064 2924 2147 2988 49,
2165 2926 2295 2973 Plut.
2312 2926 2376 2989 Q.
2398 2926 2467 2977 R.
2484 2927 2578 2991 69,
2597 2928 2734 2979 Fest-

717 3012 772 3062 ln
793 3013 1125 3077 Septimontio
1146 3017 1199 3061 et
1224 3013 1636 3076 Septimontium.
1659 3039 1719 3050 --
1736 3011 1804 3077 4)
1826 3013 1887 3061 V.
1911 3013 2023 3061 Tib.
2048 3014 2080 3062 2
2097 3049 2114 3079 ,
2137 3014 2189 3076 5,
2212 3014 2297 3079 57,
2316 3016 2457 3064 Ovid.
2485 3016 2646 3067 Tri-st.
2670 3020 2693 3067 1
2718 3055 2735 3081 ‚

711 3102 743 3151 4
764 3139 780 3164 ,
804 3102 887 3152 67.
913 3119 1023 3165 sqq.
1041 3140 1056 3164 ‚
1091 3102 1227 3165 virg.
1250 3104 1429 3165 θεον-9.
1450 3102 1510 3164 2,
1537 3101 1653 3150 534.
1678 3130 1739 3138 —
1791 3101 1859 3165 5)
1884 3102 1958 3150 Cf.
1997 3103 2126 3153 Post.
2167 3104 2221 3152 in
2244 3105 2534 3168 Palatium,
2571 3107 2735 3160 Varro

710 3191 773 3240 de
805 3193 866 3240 L.
891 3193 954 3244 L,
974 3192 1010 3240 1.
1029 3191 1081 3242 4.
1102 3208 1156 3255 p.
1187 3192 1267 3241 16.
1288 3191 1379 3239 Hic
1398 3191 1451 3238 in
1475 3191 1582 3240 aliis
1602 3209 1614 3239 ε
1637 3192 2020 3255 quodpalantec
2042 3209 2161 3242 cum
2181 3194 2429 3244 Evandro
2449 3206 2732 3264 morunt,

712 3289 807 3333 aut
824 3284 962 3345 quod
997 3283 1262 3344 Palatini,
1286 3283 1380 3345 qui
1397 3287 1447 3328 et
1466 3281 1766 3343 Aboriqinaee
1780 3315 1799 3344 ,
1822 3297 1881 3329 ex
1916 3298 2038 3345 aqro
2061 3286 2253 3333 reatina
2272 3319 2290 3348 ,
2331 3287 2426 3348 qui
2443 3286 2739 3348 adpeumur

709 3372 967 3435 palatium
982 3406 999 3434 7
1034 3371 1110 3422 ibi
1142 3371 1489 3424 comederunt.
1520 3369 1626 3419 Sed
1644 3370 1734 3418 hoc
1756 3370 1854 3420 alii
1867 3387 1900 3419 a
1927 3372 2150 3437 Palatia,
2181 3390 2332 3422 uxore
2355 3374 2558 3432 Latini,
2576 3384 2740 3435 puta-

715 3469 855 3509 runt.
871 3460 1113 3508 Eundem
1125 3461 1264 3507 bunc
1287 3460 1451 3507 locum
1475 3475 1508 3507 a
1528 3474 1705 3521 pecore
1735 3460 1926 3509 dictum
1943 3468 2138 3524 putant
2156 3464 2381 3525 quidam.
2403 3461 2584 3523 Itaque
2603 3461 2734 3514 Νω-

713 3553 828 3599 rae'us
848 3551 1144 3604 Balentium
1161 3549 1396 3612 adpellat.
1413 3576 1470 3584 -
1484 3548 1536 3610 6)
1555 3548 1617 3595 V.
1636 3548 1750 3602 Ros.
1786 3549 1822 3597 1.
1851 3551 1898 3599 1.
1929 3564 1976 3598 c.
1995 3549 2045 3599 4.
2057 3551 2288 3613 paralip.

807 3718 911 3781 42.
961 3716 1134 3780 Mons
1183 3712 1602 3799 Capitolinus,
1657 3712 1808 3776 Foro
1864 3713 2147 3776 Romano
2204 3732 2241 3774 a
2292 3711 2567 3776 Palatino
2617 3715 2734 3780 di·-

713 3837 984 3908 renituS,
1022 3852 1058 3892 a
1103 3827 1438 3912 Capitolio,
1483 3825 1648 3888 Jovis
1692 3824 1961 3909 templo,
2008 3823 2223 3886 dictuS.
2281 3824 2491 3909 Ipsum
2536 3825 2740 3913 Capi-

708 3937 921 4000 tolium
958 3961 993 4001 a
1022 3941 1218 4024 capite
1255 3940 1531 4003 humano
1555 3986 1574 4020 ‚
1608 3939 1672 4001 in
1701 3935 1977 4001 locandis
2002 3935 2419 4003 fundamentis
2444 3941 2730 4026 invento,

714 4053 1095 4123 nominatum
1137 4066 1365 4120 veteres
1409 4052 1751 4116 retulerunt
1817 4048 1911 4136 1).
1956 4049 2123 4116 ldem
2171 4077 2344 4120 mons
2378 4081 2414 4123 a
2458 4060 2728 4125 Saturno
