3111 4829
1492 396 1516 477 (
1561 395 1682 457 144
1722 394 1747 477 )

619 525 908 592 omnibus
925 524 1304 590 deliberandi
1325 574 1344 610 ,
1388 548 1423 591 e
1451 526 1808 613 longinquis
1833 528 2018 593 etiam
2039 527 2398 614 regionibus
2426 528 2494 593 in
2522 551 2636 593 ur-

621 640 762 703 bem
811 637 1095 703 veniendi
1140 638 1375 702 civibus
1411 650 1653 722 tempus
1698 639 1990 725 daretur3
2049 662 2253 727 neque
2303 641 2514 705 minus
2564 664 2637 707 eo

619 754 933 819 intervallo
960 753 1285 818 utebantur
1313 775 1421 838 per
1451 764 1686 817 remota
1707 754 2047 839 municipia
2076 753 2194 818 sibi
2219 754 2430 819 aliisve
2451 777 2640 841 quam

619 868 881 954 plurima
930 876 1170 952 possent
1220 866 1502 952 sussragia
1546 878 1827 952 parantes
1871 865 1961 955 2).
1999 868 2340 951 Caeterum,
2398 879 2642 954 tempus

618 982 1052 1047 trinundinum
1076 981 1125 1044 si
1150 981 1421 1065 primum
1449 981 1544 1045 lex
1571 980 1811 1045 caeeilia
1847 963 2030 1045 Didia
2081 978 2170 1068 (a.
2200 975 2392 1060 655.)
2413 982 2649 1064 statuit,

618 1099 814 1162 multo
861 1107 1068 1159 tamen
1110 1104 1254 1158 ante
1294 1093 1741 1158 consuetudine
1786 1092 2056 1156 obtinuit
2100 1090 2214 1180 3),
2267 1092 2347 1157 ob
2378 1115 2642 1179 eamque

619 1230 750 1272 rem
792 1206 1030 1271 facilius
1056 1253 1073 1288 ,
1118 1206 1213 1269 vel
1262 1205 1392 1269 sine
1442 1205 1835 1286 necessitate,
1881 1206 2234 1291 neglectum
2279 1202 2371 1292 4).
2414 1206 2642 1291 Legem

618 1321 935 1387 serendam
960 1369 977 1404 ,
1023 1320 1144 1383 sive
1165 1321 1259 1385 lex
1286 1320 1409 1383 sive
1445 1340 1577 1383 mos
1608 1328 1764 1401 erat,
1803 1317 2049 1403 publice
2074 1318 2438 1402 propositam
2464 1365 2481 1399 ,
2509 1318 2641 1382 sin-

620 1437 782 1523 gulis
800 1433 1096 1499 nundinis
1119 1456 1227 1519 pro
1249 1433 1545 1497 concione
1568 1454 1603 1497 a
1627 1433 1815 1496 latore
1838 1431 2076 1495 recitari
2099 1440 2161 1495 et
2185 1428 2637 1514 commendari,
2751 1446 2756 1450 ·

617 1550 728 1636 qui
750 1549 959 1634 etipse
987 1548 1284 1635 populum
1305 1594 1322 1628 ,
1353 1556 1422 1609 ut
1436 1543 1513 1609 ad
1536 1567 1674 1609 eam
1687 1542 2028 1628 jubendam
2056 1544 2347 1630 frequens
2365 1532 2598 1608 adesset
2623 1591 2642 1627 ‚

619 1662 903 1748 rogabat,
960 1670 1023 1723 et
1058 1660 1320 1723 aliorum
1364 1656 1442 1723 ad
1474 1678 1613 1721 eam
1665 1678 1798 1719 rem
1829 1655 2031 1720 studio
2071 1666 2254 1741 atque
2276 1656 2670 1720 auctoritate.

610 1774 940 1860 juvabatur
963 1797 981 1855 3
1016 1769 1181 1835 unde
1220 1790 1424 1833 suasor
1446 1816 1463 1850 ‚
1491 1765 1745 1832 suadere
1768 1766 2092 1849 concioni,
2130 1777 2342 1831 auctor
2364 1766 2518 1852 legis
2540 1763 2634 1852 5).

615 1888 817 1953 Simili
856 1884 1036 1950 modo
1067 1886 1134 1948 in
1163 1883 1416 1969 judiciis
1436 1881 1885 1947 accusationem
1917 1880 2114 1945 tribus
2141 1879 2432 1966 deinceps
2457 1900 2638 1944 nun—

615 2001 777 2067 dinis
806 1999 1128 2087 repetitam
1163 1996 1516 2062 invenimus
1540 1996 1626 2083 (§
1653 1991 1835 2080 275.)

681 2219 733 2284 1)
757 2218 834 2267 cr.
857 2217 983 2267 eeu.
1010 2215 1074 2267 15
1095 2252 1112 2281 ,
1136 2214 1231 2279 15,
1260 2209 1481 2262 macrob.
1514 2209 1626 2259 sae.
1649 2208 1674 2256 1
1693 2244 1710 2270 ‚
1735 2206 1818 2270 16,
1842 2205 1945 2254 cio.
1966 2222 2025 2269 p.
2059 2202 2530 2268 Dm17,1.1v.5‚
2551 2202 2637 2252 ss.

616 2337 679 2349 —
697 2310 751 2370 2)
774 2310 850 2358 cs.
876 2311 935 2372 Q.
958 2308 1062 2356 eie.
1087 2309 1149 2355 aa
1169 2302 1281 2355 μοι.
1311 2304 1462 2353 eom.
1499 2300 1550 2348 s.
1571 2298 1697 2362 -s)
1719 2297 1794 2346 cr.
1829 2297 2023 2345 Schulz.
2046 2311 2100 2360 p.
2133 2293 2393 2360 sos-⁴)
2415 2293 2492 2343 cr.
2528 2290 2635 2348 mv.

616 2400 677 2464 4,
701 2385 1979 2464 24‚24‚7,25‚s-5)cr.1.iv.ss,54,3⁴,1.

710 2592 859 2655 160.
907 2590 1045 2674 Ipso
1087 2584 1478 2650 comitiorum
1529 2580 1631 2644 die
1681 2579 1757 2642 de
1803 2588 1982 2642 nocte
2024 2600 2061 2642 a
2106 2579 2468 2661 magistratu
2491 2624 2509 2658 ,
2560 2578 2639 2640 iis

614 2709 949 2797 praefuturo
976 2751 993 2786 ,
1018 2698 1287 2784 auspicia
1315 2697 1422 2760 illa
1447 2744 1464 2778 ,
1501 2714 1640 2780 quae
1675 2690 1922 2754 nonnisi
1959 2689 2267 2774 majorum
2298 2689 2635 2774 magistra—

613 2837 797 2888 tuum
834 2818 1097 2882 diximus
1118 2862 1135 2896 ,
1169 2809 1441 2875 adhibito
1464 2807 1722 2889 Augure
1749 2851 1767 2886 ‚
1806 2804 1872 2866 in
1897 2803 2049 2867 urbe
2080 2802 2498 2887 capiebantur.
2539 2801 2634 2866 De

617 2938 742 3003 ritu
768 2933 979 2998 confer
994 2926 1053 3010 §.
1073 2928 1225 2993 320.
1257 2922 1497 3009 Spectio
1527 2918 1605 2982 de
1625 2916 1801 2999 coelo,
1823 2926 1894 2978 ut
1922 2937 2064 2980 vero
2091 2914 2432 3001 proximum
2460 2912 2640 2998 judi-

614 3073 829 3118 camus
852 3097 869 3131 ,
897 3055 1004 3111 aut
1051 3062 1293 3129 prorsus
1321 3059 1443 3102 non
1476 3034 1742 3121 pertinet
1777 3030 1857 3097 ad
1884 3029 2152 3116 auspicia
2180 3028 2426 3093 comitia
2454 3026 2639 3092 habi-

614 3171 785 3249 turi,
839 3173 946 3229 aut
973 3179 1188 3224 eorum
1246 3163 1418 3241 parte
1457 3148 1810 3214 continetur
1844 3141 1931 3231 1).
1974 3146 2101 3210 Nec
2143 3163 2286 3206 vero
2316 3140 2595 3205 videmus
2621 3191 2641 3225 ‚

614 3279 921 3373 quomodo
950 3276 1054 3339 illa
1079 3268 1302 3356 spectio
1340 3263 1640 3350 impedire
1683 3258 1930 3326 comitia
1970 3255 2311 3322 centuriata
2336 3254 2601 3339 potuerit
2626 3303 2645 3337 ,

614 3397 737 3464 nisi
765 3395 842 3458 de
879 3391 1033 3456 coelo
1053 3391 1358 3464 servante,
1387 3390 1495 3443 aut
1521 3426 1539 3461 ,
1576 3399 1641 3441 se
1666 3385 2057 3440 servaturum
2078 3391 2208 3436 esse
2228 3417 2248 3452 ‚
2291 3365 2638 3431 declarante

614 3512 976 3598 magistratu
1000 3500 1231 3585 majore
1257 3546 1275 3581 ‚
1300 3496 1408 3582 qui
1431 3491 1627 3579 gradu
1656 3501 1766 3555 aut
1786 3511 1897 3575 par
1915 3497 2068 3552 esset
2095 3481 2341 3549 comitia
2360 3478 2635 3560 habenti,

611 3639 721 3692 aut
767 3622 1001 3709 potior3
1043 3622 1347 3701 quatenus
1388 3607 1659 3670 minores
1695 3602 1773 3666 de
1812 3600 1967 3666 coelo
2022 3615 2255 3661 servare
2287 3600 2640 3692 ¹memorata

616 3739 798 3806 nobis
819 3731 1082 3800 formula
1110 3722 1182 3807 (§
1204 3720 1401 3811 152.)
1435 3719 1795 3785 vetabantur
1817 3711 1907 3800 2).
1930 3705 2235 3794 Auspiciis
2245 3702 2637 3768 comitiorum

618 3848 1101 3918 centuriatorum
1120 3837 1438 3926 proprium
1452 3834 1638 3897 fuisse
1660 3827 1898 3893 videtur
1918 3818 2642 3902 tabernaculumcapere,

621 3964 785 4057 quod
808 4011 825 4046 ‚
849 3972 919 4025 ut
946 3959 1068 4023 dux
1085 4005 1102 4039 ,
1128 3954 1346 4040 opinor
1371 3998 1388 4033 ,
1412 3947 1710 4014 exercitus
1728 3991 1745 4025 ,
1772 3951 1935 4004 extra
1957 3933 2331 4022 pomoerium
2353 3979 2371 4015 ,
2397 3930 2639 4005 nescio,

615 4107 694 4153 an
718 4132 736 4169 ,
765 4098 887 4166 quo
908 4075 1041 4138 loco
1082 4064 1445 4133 durantibus
1462 4057 1727 4124 comitiis
1763 4070 2087 4118 mansurus
2115 4056 2285 4129 erat,
2314 4043 2642 4131 magistra-
