3111 4829
1578 419 1601 500 (
1643 417 1760 478 210
1799 420 1821 498 )

692 551 993 631 restituit,
1023 549 1088 612 id
1116 549 1182 612 in
1223 548 1648 614 brevissimum
1687 560 1927 635 tempus
1946 548 2211 616 obtinuit
2245 599 2262 634 ,
2296 553 2426 638 ipso
2474 555 2708 622 Tiberii

674 639 985 735 ‘rationem
1034 674 1352 729 revocante
1402 661 1490 750 9).

668 889 671 892 >
708 859 713 864 '
756 857 808 918 1)
832 854 909 904 Cf.
936 854 1064 918 App.
1104 853 1169 903 B.
1207 852 1263 902 C.
1300 853 1363 916 5,
1401 851 1465 900 50
1487 857 1537 900 et.
1569 851 1652 901 51.
1684 879 1746 888 —-·
1777 853 1829 912 Ξ)
1852 852 1922 900 De
1959 852 2149 916 legibus
2182 870 2230 901 v.
2263 852 2306 923 §.
2341 855 2425 905 77.
2454 885 2512 894 ——
2540 858 2591 919 5)
2618 861 2700 911 Cl'.

666 942 780 993 bio
817 943 948 992 Cass.
986 942 1085 1008 52,
1107 942 1172 990 2⁰
1193 947 1244 990 et
1276 941 1375 1004 50,
1409 940 1503 1006 56,
1537 940 1601 990 40
1625 977 1641 1004 ,
1683 941 1817 990 Suet.
1861 945 1999 1005 Auq.
2027 942 2109 991 56.
2130 969 2191 979 —-
2235 942 2286 1005 4)
2310 945 2387 993 Cf.
2422 946 2530 995 Dio.
2569 949 2701 999 Cass.

688 1032 784 1098 55,
814 1031 896 1081 21.
918 1058 978 1069 -
1011 1031 1065 1093 ὅ)
1104 1030 1204 1080 Tac
1233 1032 1376 1080 Ann-
1400 1030 1425 1080 1
1456 1066 1472 1093 ,
1515 1029 1598 1079 15.
1619 1055 1685 1070 -—
1708 1031 1761 1090 6)
1800 1027 1879 1078 Cf.
1915 1031 2006 1079 Dio
2049 1031 2183 1079 Cass.
2205 1032 2306 1096 581,
2342 1034 2424 1082 20.
2449 1049 2511 1072 -·-·
2545 1037 2601 1099 7)
2621 1039 2700 1087 Εἰ.

679 1122 809 1171 min.
842 1122 1038 1187 Paneq.
1077 1120 1143 1171 65
1171 1127 1223 1170 et
1241 1120 1323 1171 64.
1351 1148 1412 1159 --
1436 1119 1490 1183 8)
1513 1120 1590 1173 cf.
1614 1121 1704 1169 Dio
1741 1120 1871 1169 Cass.
1895 1120 1959 1170 58
1977 1156 1995 1186 ‚
2036 1120 2119 1170 20.
2145 1122 2277 1186 -·-9)
2300 1122 2376 1172 Cl'.
2414 1123 2525 1174 nio.
2563 1127 2699 1178 cm.

681 1207 746 1263 59
770 1247 786 1275 ,
820 1210 853 1259 9
880 1217 930 1262 et
958 1209 1024 1260 20
1055 1245 1073 1275 ,
1108 1210 1245 1260 Suet.
1291 1211 1400 1260 Cat.
1427 1209 1508 1260 16.

767 1388 918 1451 229.
965 1381 1041 1451 In
1073 1397 1318 1451 senatus
1343 1396 1552 1450 autem
1581 1387 1936 1450 auctoritate
1965 1387 2096 1471 pari
2118 1435 2136 1472 ,
2166 1398 2348 1475 atque
2377 1390 2442 1453 in
2474 1391 2690 1475 populi

678 1512 965 1587 potestate
994 1503 1254 1566 fecimus
1280 1551 1297 1584 ,
1336 1499 1519 1565 modo
1557 1500 2064 1587 distinguendum
2112 1513 2235 1585 est3
2282 1513 2584 1589 quatenus
2621 1505 2690 1570 in

678 1636 749 1681 ea
792 1616 986 1682 multa
1026 1616 1199 1681 fuere
1234 1639 1271 1680 a
1313 1616 1540 1702 populo
1575 1625 1686 1679 aut
1722 1637 2040 1701 nunquam
2084 1627 2191 1680 aut
2220 1617 2440 1682 frustra
2470 1617 2692 1684 adfec-

677 1741 826 1812 tata,
867 1729 1052 1794 veluti
1082 1729 1343 1814 plurima
1397 1728 1464 1791 in
1509 1727 1657 1792 belli
1695 1738 1757 1791 et
1802 1729 2256 1812 provinciarum
2285 1729 2690 1796 administra-

673 1846 837 1914 tione
857 1893 875 1928 ,
907 1853 1148 1908 senatus
1178 1842 1429 1907 arbitrio
1467 1864 1710 1928 semper
1745 1843 2033 1928 permissa
2071 1825 2155 1932 1)'.
2196 1845 2418 1909 Contra
2449 1845 2524 1909 de
2554 1846 2689 1910 aliis

672 1977 818 2020 cum
848 1955 1025 2040 plebe
1050 1965 1112 2019 et
1140 1956 1366 2043 populo
1395 1955 1477 2019 ita
1514 1954 1862 2039 contendit,
1896 1967 1966 2020 ut
2001 1957 2294 2042 paulatim
2328 1968 2435 2021 aut
2465 1958 2686 2021 amise-

670 2072 789 2146 rit,
821 2081 927 2135 aut
963 2070 1296 2134 imminuta
1335 2070 1680 2135 servaverit.
1723 2070 1798 2132 In
1846 2069 1942 2132 his
1982 2069 2265 2154 ponenda
2310 2080 2397 2133 est
2439 2081 2683 2134 senatus

670 2185 735 2246 in
783 2184 1045 2248 comitiis
1092 2185 1456 2248 auctoritas:
1513 2204 1652 2269 quae
1699 2205 1846 2247 cum
1885 2184 2078 2270 initiet
2113 2196 2277 2249 tanta
2316 2185 2560 2268 fuisset,
2611 2196 2685 2250 ut

667 2299 892 2382 populo
931 2318 1055 2361 non
1088 2297 1207 2361 nisi
1250 2319 1406 2361 vana
1435 2298 1742 2380 potestatis
1777 2293 2520 2383 species'relinqueretur,
2550 2310 2683 2383 post

665 2425 829 2479 arcte
863 2412 1323 2497 circumscripta
1363 2410 1564 2483 eidem
1603 2432 1960 2496 supremum
2006 2410 2360 2496 reipublicae
2395 2411 2679 2498 regendae

656 2528 981 2615 arbitrium
1004 2512 1317 2592 concessit.

751 2642 971 2727 Igitur,
998 2651 1067 2705 ut
1087 2640 1297 2725 hujus,
1326 2642 1411 2705 sic
1439 2653 1681 2705 senatus
1711 2651 1967 2727 potestas
1993 2639 2365 2724 temporibus
2395 2641 2638 2704 variavit
2656 2690 2676 2723 ,

661 2755 777 2819 alia
808 2754 923 2818 sub
953 2754 1228 2840 Regibus
1251 2803 1269 2837 ,
1300 2755 1417 2819 alia
1448 2756 1623 2818 initio
1648 2803 1666 2836 ,
1694 2756 1811 2818 alia
1841 2753 1954 2817 sub
1984 2752 2173 2817 finem
2200 2755 2521 2835 libertatis,
2551 2755 2671 2821 alia

656 2870 817 2934 bello
858 2871 1091 2935 Punico
1122 2870 1387 2934 secundo
1421 2868 1511 2956 2).
1543 2871 1598 2932 A
1646 2867 1936 2933 Gracchis
1982 2865 2377 2931 vehementer
2405 2890 2670 2932 concus—

656 3005 786 3047 sam
843 2981 922 3047 ad
978 2983 1237 3047 formam
1292 2985 1746 3047 aristocratiae>
1789 2981 2133 3067 propiorem
2189 2982 2449 3047 restituit
2505 2984 2671 3071 sylla

660 3095 686 3185 (
703 3096 763 3179 §.
796 3094 977 3184 226.)
1014 3100 1148 3163 Mox
1180 3120 1289 3183 per
1319 3097 1480 3161 bella
1512 3097 1713 3161 civilia
1742 3107 2045 3160 contemta
2074 3094 2141 3185 3)
2172 3096 2505 3179 fluctuans,
2535 3119 2669 3183 pos·-

654 3223 849 3275 tremo
873 3212 1057 3275 simul
1082 3234 1230 3276 cum
1252 3212 1531 3276 libertate
1553 3212 1807 3277 interiit.
1831 3212 1984 3276 Nam
2010 3210 2296 3298 Princeps
2315 3214 2628 3299 Augustus
2648 3261 2665 3294 ,

642 3308 727 3386 ¹ut
774 3324 1035 3409 majores
1084 3326 1514 3411 magistratus,
1560 3326 1645 3390 ita
1684 3337 1964 3390 senatum
2015 3328 2264 3392 nomine
2308 3348 2433 3390 non
2478 3326 2670 3389 veteri

654 3437 1009 3501 auctoritate
1039 3439 1291 3502 servavit
1308 3462 1329 3524 3
1365 3461 1487 3526 qua
1515 3461 1663 3504 cum
1701 3440 1963 3504 maxime
1993 3439 2182 3503 videri
2215 3438 2391 3501 vellet
2419 3437 2664 3521 gravis-

656 3551 807 3621 sima
835 3574 1097 3640 qumque
1128 3575 1310 3639 agere
1333 3601 1351 3637 ,
1380 3564 1441 3617 et
1476 3554 1624 3619 alias
1653 3555 1846 3618 multa
1875 3555 1933 3618 ei
1963 3553 2250 3634 detraxit,
2280 3560 2340 3615 et
2371 3559 2661 3613 senatus—

651 3668 923 3732 consulta
955 3668 1247 3731 voluntati
1281 3690 1404 3732 suae
1434 3668 1527 3732 vel
1568 3667 1705 3731 ideo
1735 3667 1989 3731 obnoxia
2032 3664 2265 3745 tenuit,
2293 3661 2455 3749 quod
2487 3662 2656 3728 idem

649 3782 950 3845 consulari
984 3792 1270 3867 potestate
1299 3781 1326 3873 (
1339 3780 1624 3870 5221.)
1658 3778 2072 3868 congregandi
2109 3786 2348 3841 senatus
2369 3825 2387 3860 ,
2420 3787 2479 3840 et
2528 3779 2656 3841 tri-

645 3892 884 3957 bunitia
932 3900 1217 3980 potestate
1257 3894 1680 3959 intercedendi
1717 3895 1826 3978 jus
1867 3891 2167 3973 habebat,
2208 3901 2498 3955 caeterum
2543 3915 2654 3977 per

651 4006 976 4090 Consules,
1025 4010 1260 4094 quoties
1305 4008 1659 4083 videretur,
1710 4006 1989 4091 privatim
2031 4004 2365 4069 consultata
2422 4024 2656 4089 propo-

645 4141 798 4184 nens
843 4121 949 4210 4);
993 4122 1156 4186 unde
1205 4133 1405 4208 postea
1450 4122 1774 4186 consilium
1811 4130 2112 4184 secretum
2165 4118 2478 4203 Principis.
2528 4118 2652 4183 Nec
