3111 4829
1346 391 1371 474 (
1411 387 1535 452 365
1578 393 1602 474 )

461 523 607 588 alias
646 521 979 610 quadrato,
1032 513 1314 587 immistis
1339 571 1357 606 ,
1410 523 1559 587 alias
1600 521 1825 608 pilato,
1869 520 2159 606 sejunctis
2197 520 2472 608 impedi-

459 636 722 718 mentis,
767 635 1088 700 incedebat
1138 632 1255 724 1),
1301 646 1540 700 noctem
1583 633 1660 700 de
1700 657 1870 699 more
1900 635 1965 697 in
1994 635 2200 699 castris
2227 684 2244 718 ,
2275 635 2472 721 iisque

461 750 717 813 munitis
756 750 1095 834 transigens
1120 798 1137 833 ,
1179 749 1300 814 sive
1345 772 1542 814 unum
1576 749 1699 813 sive
1734 751 1939 835 plures
1958 747 2085 812 dies
2101 744 2318 813 eodem
2341 751 2473 813 loco

461 862 831 940 morandum
889 861 988 952 2).
1033 866 1216 937 Morae
1263 875 1322 929 et
1352 865 1721 950 tempestatis
1769 862 1975 930 habita
2014 864 2246 931 ratione
2283 874 2476 929 castra

460 980 925 1067 distinguuntur
968 980 1203 1050 diurnis
1247 979 1711 1073 (mansiones),
1759 979 2023 1064 stativiS,
2064 979 2316 1062 aestivis,
2370 976 2474 1041 hi-

461 1093 689 1162 bernis.

548 1209 762 1276 Forma
793 1219 1167 1295 castrorum,
1195 1211 1362 1277 unde
1387 1214 1722 1278 multarum
1747 1212 1996 1277 urbium
2023 1260 2040 1295 ,
2069 1210 2198 1296 ipso
2225 1206 2477 1274 nomine

457 1335 791 1409 arguente,
829 1330 999 1412 origo
1041 1323 1151 1414 3),
1187 1328 1550 1415 plerumque
1584 1325 1651 1415 4)
1683 1326 2013 1413 quadrata3
2048 1326 2284 1389 circum
2323 1325 2478 1387 fossa

457 1434 814 1520 claudebat,
857 1436 1185 1504 duodecim
1217 1441 1344 1503 fero
1388 1437 1570 1524 pedes
1598 1439 1757 1521 lata,
1789 1460 2007 1502 novem
2039 1435 2376 1523 profunda3
2409 1436 2478 1498 in

457 1547 638 1630 cujus
669 1549 948 1635 margine
989 1550 1265 1614 interiori
1303 1573 1493 1637 agger
1539 1551 1731 1615 trium
1774 1561 2108 1637 quatuorve
2141 1547 2369 1634 pedum
2404 1544 2474 1634 6)

457 1658 821 1744 altitudine,
875 1661 1075 1726 infixis
1130 1662 1282 1748 palis
1340 1664 1463 1727 sive
1518 1663 1689 1727 vallis
1746 1672 1990 1748 aggesta
2044 1670 2203 1724 terra
2236 1707 2254 1742 ,
2312 1655 2481 1721 unde

457 1774 688 1838 vallum
727 1774 1087 1861 adpellatur.
1137 1778 1212 1840 In
1255 1777 1513 1863 singulis
1550 1776 1840 1841 lateribus
1878 1774 2140 1860 singulae
2181 1783 2406 1858 portoe,
2445 1791 2483 1834 e

456 1887 684 1975 quibus
713 1888 998 1954 Praetoria
1022 1937 1039 1972 ,
1079 1888 1236 1953 hosti
1275 1889 1564 1972 obversa,
1605 1901 1666 1954 et
1702 1890 1768 1952 in
1811 1889 2080 1973 opposito
2121 1888 2308 1950 latere
2352 1906 2485 1949 res-

465 2000 741 2087 pondens
785 2003 1140 2067 Decumana
1169 1998 1247 2090 7)
1276 2002 1398 2066 sive
1451 2003 1832 2084 Quaestoria,
1876 2001 2182 2089 primariae
2205 2047 2224 2082 ,
2277 1997 2485 2063 dextra
2542 1989 2546 1994 ’

464 2123 672 2177 autem
706 2125 767 2179 et
804 2114 1043 2179 sinistra
1078 2114 1453 2180 secundariae
1478 2115 1676 2200 portoe'
1697 2114 2114 2197 habebantur,
2154 2132 2291 2198 quae
2320 2110 2485 2174 viam
2575 2185 2578 2186 γ

467 2226 821 2312 primariam
849 2238 1185 2292 castrorum
1206 2275 1224 2310 ,
1256 2229 1564 2314 Principia
1590 2226 1690 2318 8),
1713 2238 2048 2315 spectantes
2071 2276 2090 2310 ,
2129 2219 2282 2289 inde'
2308 2222 2484 2309 prin-

467 2339 690 2425 cipales
707 2350 930 2406 vocatae
953 2336 1041 2428 9).
1074 2338 1303 2404 Eadem
1323 2341 1450 2427 via,
1474 2340 1766 2428 judiciis,
1794 2340 2090 2405 tribunali
2121 2335 2264 2428 10),
2295 2336 2484 2424 signis

465 2452 772 2539 locandis,
802 2456 963 2539 foro,
992 2456 1247 2542 aliisque
1269 2468 1521 2522 centum
1545 2432 1774 2544 pedum
1797 2455 2119 2522 latitudine
2139 2465 2309 2540 apta,
2332 2453 2481 2517 olim

467 2578 657 2632 castra
687 2568 754 2635 in
783 2580 1019 2654 partem
1048 2572 1425 2655 superiorem
1450 2584 1637 2659 atque
1661 2571 2016 2636 inferiorem
2047 2567 2372 2633 dividebat.
2405 2566 2483 2630 In

467 2680 571 2747 illa
609 2680 1330 2773 (§.190.)Praetorium
1377 2682 1489 2774 11)
1537 2698 1599 2751 et
1644 2685 2055 2770 Quaestorium
2100 2682 2200 2774 (§.
2247 2680 2435 2769 213.)
2462 2728 2483 2764 ,

378 2864 381 2869 ,
465 2793 613 2865 item
642 2796 1008 2884 Legatorum
1035 2849 1052 2882 ,
1099 2800 1552 2886 Tribunorum,
1593 2800 1768 2865 sociis
1810 2801 2235 2885 praefectorum
2259 2847 2276 2881 ,
2318 2796 2485 2860 alio-

468 2930 732 2995 rumque
772 2912 1078 2976 inferioris
1118 2913 1350 2978 ordinis
1387 2936 1504 2979 neo
1544 2936 1672 2979 non
1712 2914 2016 2978 Praetorioe
2043 2910 2306 2977 cohortis
2343 2920 2484 2972 ten-

469 3024 656 3107 toria,
679 3046 865 3109 quam
890 3025 1141 3110 Regum
1162 3028 1436 3112 exemplo
1456 3025 1735 3111 peditum
1769 3027 2173 3112 equitumque
2202 3024 2487 3087 selectam

471 3138 499 3230 (
513 3140 775 3204 ablectos
797 3188 814 3223 ,
845 3136 1191 3226 evocatos),
1237 3139 1424 3205 duces
1465 3138 1814 3223 habebant;
1861 3137 2114 3203 inferior
2152 3147 2488 3203 castrorum

473 3276 644 3340 pars,
692 3275 878 3341 quam
945 3253 1213 3320 mediam
1271 3256 1514 3321 secabat
1557 3257 1653 3321 via
1717 3256 2013 3343 quintana
2039 3304 2056 3339 ,
2109 3252 2487 3339 reliquorum

468 3368 741 3432 militum
784 3379 845 3433 et
884 3367 951 3431 in
995 3365 1092 3431 his
1129 3368 1432 3434 sociorum
1474 3369 1749 3433 tentoriis
1791 3367 2271 3455 relinquebatur.
2312 3367 2488 3445 Post,

470 3483 756 3548 Praetorio
791 3482 954 3547 inter
990 3481 1152 3545 viam
1188 3482 1541 3567 primariam
1572 3494 1633 3546 et
1656 3483 2020 3570 quintanam
2045 3483 2268 3564 locato,
2297 3490 2491 3544 castra

475 3600 669 3664 tribus
710 3597 983 3685 partibus
1009 3595 1314 3661 distincta.
1348 3597 1448 3662 Sic
1486 3597 1615 3662 fere
1643 3598 1810 3683 apud
1839 3599 2206 3662 recentiores
2236 3598 2491 3663 univer-

474 3712 611 3780 aim.
654 3714 704 3777 E
741 3712 1044 3778 veteribus
1083 3711 1455 3797 praecipuam
1488 3712 1767 3777 notitiam
1797 3713 2185 3799 suppeditant
2205 3713 2490 3801 Polybius

477 3830 550 3910 6,
602 3827 708 3894 27.
757 3849 925 3913 sqq.,
970 3838 1030 3890 et
1074 3827 1354 3913 Hyginus
1399 3826 1476 3890 de
1526 3824 2136 3892 Castrametatiom.
2181 3829 2415 3895 Diurna
2452 3853 2491 3896 a

473 3939 731 4023 stativis,
756 3940 954 4013 aestiya
974 3940 1054 4004 ab
1075 3939 1351 4004 hibernis
1375 3962 1503 4003 nou
1526 3961 1652 4004 una
1675 3963 1741 4004 re
1764 3939 2008 4005 differre
2029 3988 2046 4023 ,
2070 3963 2313 4007 necesse
2333 3942 2487 4025 fuit,

476 4066 536 4121 et
563 4054 891 4142 antiquarii
930 4055 1152 4126 docent
1191 4051 1323 4143 12).
1352 4056 1443 4123 De
1472 4055 1732 4142 singulis
1752 4056 2026 4143 partibus
2045 4104 2064 4141 ,
2095 4057 2488 4145 nominibus,
