<?xml version="1.0" encoding="UTF-8"?>
<!DOCTYPE html PUBLIC "-//W3C//DTD XHTML 1.0 Transitional//EN"
    "http://www.w3.org/TR/xhtml1/DTD/xhtml1-transitional.dtd">
<html xmlns="http://www.w3.org/1999/xhtml" xml:lang="en" lang="en">
 <head>
  <title>
</title>
<meta http-equiv="Content-Type" content="text/html;charset=utf-8" />
  <meta name='ocr-system' content='tesseract 3.04.00' />
  <meta name='ocr-capabilities' content='ocr_page ocr_carea ocr_par ocr_line ocrx_word'/>
</head>
<body>
  <div class='ocr_page' id='page_1' title='image "./antiquitatesrom00dirkgoog_0475.png"; bbox 0 0 3111 4829; ppageno 0'>
   <div class='ocr_carea' id='block_1_1' title="bbox 1560 397 1818 484">
    <p class='ocr_par' dir='ltr' id='par_1_1' title="bbox 1560 397 1818 484">
     <span class='ocr_line' id='line_1_1' title="bbox 1560 397 1818 484; baseline 0.019 -26"><span class='ocrx_word' id='word_1_1' title='bbox 1560 397 1818 484; x_wconf 79' lang='lat'>(428)</span> 
     </span>
    </p>
   </div>
   <div class='ocr_carea' id='block_1_2' title="bbox 582 513 2808 3448">
    <p class='ocr_par' dir='ltr' id='par_1_2' title="bbox 582 513 2726 2873">
     <span class='ocr_line' id='line_1_2' title="bbox 582 513 2725 617; baseline 0.002 -23"><span class='ocrx_word' id='word_1_2' title='bbox 582 557 585 562; x_wconf 84' lang='lat'><em>·</em></span> <span class='ocrx_word' id='word_1_3' title='bbox 681 513 1131 613; x_wconf 39' lang='lat' dir='ltr'><strong>autem&#39;multi,</strong></span> <span class='ocrx_word' id='word_1_4' title='bbox 1155 550 1281 594; x_wconf 91' lang='lat' dir='ltr'><strong>non</strong></span> <span class='ocrx_word' id='word_1_5' title='bbox 1308 529 1615 594; x_wconf 82' lang='lat' dir='ltr'><strong>scribendi</strong></span> <span class='ocrx_word' id='word_1_6' title='bbox 1637 517 1893 617; x_wconf 75' lang='lat' dir='ltr'><strong>quidem</strong></span> <span class='ocrx_word' id='word_1_7' title='bbox 1921 543 2050 596; x_wconf 87' lang='lat' dir='ltr'><strong>arte</strong></span> <span class='ocrx_word' id='word_1_8' title='bbox 2077 529 2217 615; x_wconf 85' lang='lat' dir='ltr'><strong>,sed</strong></span> <span class='ocrx_word' id='word_1_9' title='bbox 2243 532 2386 597; x_wconf 83' lang='lat' dir='ltr'><strong>aliis</strong></span> <span class='ocrx_word' id='word_1_10' title='bbox 2407 531 2489 597; x_wconf 84' lang='lat' dir='ltr'><strong>de</strong></span> <span class='ocrx_word' id='word_1_11' title='bbox 2510 535 2725 598; x_wconf 76' lang='lat' dir='ltr'><strong>causis</strong></span> 
     </span>
     <span class='ocr_line' id='line_1_3' title="bbox 681 641 2720 727; baseline 0.002 -19"><span class='ocrx_word' id='word_1_12' title='bbox 681 641 823 708; x_wconf 87' lang='lat' dir='ltr'><strong>luce</strong></span> <span class='ocrx_word' id='word_1_13' title='bbox 866 641 1077 727; x_wconf 82' lang='lat' dir='ltr'><strong>digni,</strong></span> <span class='ocrx_word' id='word_1_14' title='bbox 1120 643 1188 706; x_wconf 90' lang='lat' dir='ltr'><strong>in</strong></span> <span class='ocrx_word' id='word_1_15' title='bbox 1229 642 2048 710; x_wconf 79' lang='lat' dir='ltr'><strong>bibliothecis&#39;delitescunt.</strong></span> <span class='ocrx_word' id='word_1_16' title='bbox 2093 645 2187 710; x_wconf 86' lang='lat' dir='ltr'><strong>De</strong></span> <span class='ocrx_word' id='word_1_17' title='bbox 2228 656 2523 711; x_wconf 80' lang='lat' dir='ltr'><strong>vetustate</strong></span> <span class='ocrx_word' id='word_1_18' title='bbox 2568 669 2720 712; x_wconf 76' lang='lat' dir='ltr'><strong>vero</strong></span> 
     </span>
     <span class='ocr_line' id='line_1_4' title="bbox 683 753 2726 857; baseline 0.002 -37"><span class='ocrx_word' id='word_1_19' title='bbox 683 753 968 820; x_wconf 84' lang='lat' dir='ltr'><strong>codicum</strong></span> <span class='ocrx_word' id='word_1_20' title='bbox 1007 755 1360 820; x_wconf 88' lang='lat' dir='ltr'><strong>Latinorum</strong></span> <span class='ocrx_word' id='word_1_21' title='bbox 1377 805 1393 838; x_wconf 92' lang='lat'>‚</span> <span class='ocrx_word' id='word_1_22' title='bbox 1425 755 1594 843; x_wconf 92' lang='lat' dir='ltr'><strong>quod</strong></span> <span class='ocrx_word' id='word_1_23' title='bbox 1613 755 2064 848; x_wconf 42' lang='lat' dir='ltr'><strong>‘et‘de.Graecis</strong></span> <span class='ocrx_word' id='word_1_24' title='bbox 2092 807 2109 843; x_wconf 90' lang='lat'><strong><em>,</em></strong></span> <span class='ocrx_word' id='word_1_25' title='bbox 2133 770 2410 825; x_wconf 78' lang='lat' dir='ltr'><strong>constare</strong></span> <span class='ocrx_word' id='word_1_26' title='bbox 2431 759 2680 824; x_wconf 82' lang='lat' dir='ltr'><strong>videtur</strong></span> <span class='ocrx_word' id='word_1_27' title='bbox 2701 820 2726 857; x_wconf 65' lang='lat'>‚</span> 
     </span>
     <span class='ocr_line' id='line_1_5' title="bbox 688 861 2725 955; baseline 0.003 -24"><span class='ocrx_word' id='word_1_28' title='bbox 688 887 816 931; x_wconf 80' lang='lat' dir='ltr'><strong>non</strong></span> <span class='ocrx_word' id='word_1_29' title='bbox 845 867 1026 933; x_wconf 88' lang='lat' dir='ltr'><strong>modo</strong></span> <span class='ocrx_word' id='word_1_30' title='bbox 1060 870 1303 933; x_wconf 89' lang='lat' dir='ltr'><strong>nullum</strong></span> <span class='ocrx_word' id='word_1_31' title='bbox 1334 870 1566 934; x_wconf 76' lang='lat' dir='ltr'><strong>classici</strong></span> <span class='ocrx_word' id='word_1_32' title='bbox 1591 871 1854 935; x_wconf 82' lang='lat' dir='ltr'><strong>auctoris</strong></span> <span class='ocrx_word' id='word_1_33' title='bbox 1873 861 2079 935; x_wconf 56' lang='lat' dir='ltr'><strong>smanu</strong></span> <span class='ocrx_word' id='word_1_34' title='bbox 2110 882 2422 935; x_wconf 88' lang='lat' dir='ltr'><strong>exaratum</strong></span> <span class='ocrx_word' id='word_1_35' title='bbox 2447 921 2465 955; x_wconf 89' lang='lat'>,</span> <span class='ocrx_word' id='word_1_36' title='bbox 2493 872 2598 937; x_wconf 89' lang='lat' dir='ltr'><strong>sed</strong></span> <span class='ocrx_word' id='word_1_37' title='bbox 2637 896 2725 939; x_wconf 81' lang='lat' dir='ltr'><strong>ne</strong></span> 
     </span>
     <span class='ocr_line' id='line_1_6' title="bbox 684 973 2720 1075; baseline 0.004 -31"><span class='ocrx_word' id='word_1_38' title='bbox 684 1001 719 1044; x_wconf 85' lang='lat' dir='ltr'><strong>e</strong></span> <span class='ocrx_word' id='word_1_39' title='bbox 746 982 988 1045; x_wconf 84' lang='lat' dir='ltr'><strong>classica</strong></span> <span class='ocrx_word' id='word_1_40' title='bbox 1015 981 1262 1066; x_wconf 83' lang='lat' dir='ltr'><strong>quidem</strong></span> <span class='ocrx_word' id='word_1_41' title='bbox 1287 992 1496 1065; x_wconf 65' lang='lat' dir='ltr'><strong>multe,</strong></span> <span class='ocrx_word' id='word_1_42' title='bbox 1521 984 1639 1047; x_wconf 87' lang='lat' dir='ltr'><strong>nisi</strong></span> <span class='ocrx_word' id='word_1_43' title='bbox 1660 973 2049 1069; x_wconf 79' lang='lat' dir='ltr'><strong>paucissimos</strong></span> <span class='ocrx_word' id='word_1_44' title='bbox 2073 987 2352 1068; x_wconf 72' lang='lat' dir='ltr'><strong>fortasse,</strong></span> <span class='ocrx_word' id='word_1_45' title='bbox 2378 986 2457 1051; x_wconf 86' lang='lat' dir='ltr'><strong>de</strong></span> <span class='ocrx_word' id='word_1_46' title='bbox 2482 988 2720 1075; x_wconf 84' lang='lat' dir='ltr'><strong>quibus</strong></span> 
     </span>
     <span class='ocr_line' id='line_1_7' title="bbox 681 1095 2720 1184; baseline 0.003 -26"><span class='ocrx_word' id='word_1_47' title='bbox 681 1095 1080 1158; x_wconf 82' lang='lat' dir='ltr'><strong>controversia</strong></span> <span class='ocrx_word' id='word_1_48' title='bbox 1104 1145 1120 1176; x_wconf 91' lang='lat'>,</span> <span class='ocrx_word' id='word_1_49' title='bbox 1156 1107 1495 1181; x_wconf 60' lang='lat' dir='ltr'><strong>superesse·</strong></span> <span class='ocrx_word' id='word_1_50' title='bbox 1523 1097 1693 1161; x_wconf 87' lang='lat' dir='ltr'><strong>Inter</strong></span> <span class='ocrx_word' id='word_1_51' title='bbox 1729 1109 1976 1162; x_wconf 72' lang='lat' dir='ltr'><strong>caeteros</strong></span> <span class='ocrx_word' id='word_1_52' title='bbox 2012 1099 2190 1184; x_wconf 86' lang='lat' dir='ltr'><strong>pauci</strong></span> <span class='ocrx_word' id='word_1_53' title='bbox 2235 1111 2468 1163; x_wconf 79' lang='lat' dir='ltr'><strong>sextum</strong></span> <span class='ocrx_word' id='word_1_54' title='bbox 2501 1122 2720 1165; x_wconf 81' lang='lat' dir='ltr'><strong>saecu-</strong></span> 
     </span>
     <span class='ocr_line' id='line_1_8' title="bbox 686 1207 2719 1322; baseline 0.006 -54"><span class='ocrx_word' id='word_1_55' title='bbox 686 1207 820 1269; x_wconf 88' lang='lat' dir='ltr'><strong>lum</strong></span> <span class='ocrx_word' id='word_1_56' title='bbox 867 1207 1215 1292; x_wconf 85' lang='lat' dir='ltr'><strong>attingunt.·</strong></span> <span class='ocrx_word' id='word_1_57' title='bbox 1267 1209 1659 1296; x_wconf 85' lang='lat' dir='ltr'><strong>Antiquiores</strong></span> <span class='ocrx_word' id='word_1_58' title='bbox 1717 1211 1959 1275; x_wconf 89' lang='lat' dir='ltr'><strong>litteris</strong></span> <span class='ocrx_word' id='word_1_59' title='bbox 1980 1211 2314 1322; x_wconf 80' lang='lat' dir='ltr'><strong>majoribus</strong></span> <span class='ocrx_word' id='word_1_60' title='bbox 2362 1223 2424 1277; x_wconf 92' lang='lat' dir='ltr'><strong>et</strong></span> <span class='ocrx_word' id='word_1_61' title='bbox 2469 1215 2719 1299; x_wconf 77' lang='lat' dir='ltr'><strong>forma,</strong></span> 
     </span>
     <span class='ocr_line' id='line_1_9' title="bbox 684 1319 2719 1436; baseline 0.006 -56"><span class='ocrx_word' id='word_1_62' title='bbox 684 1319 930 1403; x_wconf 89' lang='lat' dir='ltr'><strong>qualem</strong></span> <span class='ocrx_word' id='word_1_63' title='bbox 974 1331 1201 1383; x_wconf 78' lang='lat' dir='ltr'><strong>vetusta</strong></span> <span class='ocrx_word' id='word_1_64' title='bbox 1256 1334 1654 1388; x_wconf 84' lang='lat' dir='ltr'><strong>monumenta</strong></span> <span class='ocrx_word' id='word_1_65' title='bbox 1700 1326 2001 1409; x_wconf 88' lang='lat' dir='ltr'><strong>numique</strong></span> <span class='ocrx_word' id='word_1_66' title='bbox 2051 1324 2387 1406; x_wconf 76' lang='lat' dir='ltr'>exhibent,</span> <span class='ocrx_word' id='word_1_67' title='bbox 2453 1325 2719 1436; x_wconf 83' lang='lat' dir='ltr'><strong>dignos-</strong></span> 
     </span>
     <span class='ocr_line' id='line_1_10' title="bbox 685 1433 2719 1525; baseline 0.006 -31"><span class='ocrx_word' id='word_1_68' title='bbox 685 1449 952 1513; x_wconf 79' lang='lat' dir='ltr'><strong>cuntur,</strong></span> <span class='ocrx_word' id='word_1_69' title='bbox 994 1433 1225 1498; x_wconf 87' lang='lat' dir='ltr'><strong>incerto</strong></span> <span class='ocrx_word' id='word_1_70' title='bbox 1259 1445 1465 1500; x_wconf 86' lang='lat' dir='ltr'><strong>tamen</strong></span> <span class='ocrx_word' id='word_1_71' title='bbox 1504 1449 1904 1524; x_wconf 84' lang='lat' dir='ltr'><strong>argumento,</strong></span> <span class='ocrx_word' id='word_1_72' title='bbox 1940 1440 2235 1525; x_wconf 88' lang='lat' dir='ltr'><strong>quoniam</strong></span> <span class='ocrx_word' id='word_1_73' title='bbox 2265 1455 2400 1504; x_wconf 90' lang='lat' dir='ltr'><strong>non</strong></span> <span class='ocrx_word' id='word_1_74' title='bbox 2430 1464 2565 1506; x_wconf 88' lang='lat' dir='ltr'><strong>raro</strong></span> <span class='ocrx_word' id='word_1_75' title='bbox 2599 1463 2719 1506; x_wconf 82' lang='lat' dir='ltr'><strong>ve-</strong></span> 
     </span>
     <span class='ocr_line' id='line_1_11' title="bbox 685 1545 2717 1637; baseline 0.006 -32"><span class='ocrx_word' id='word_1_76' title='bbox 685 1545 998 1608; x_wconf 86' lang='lat' dir='ltr'><strong>tustiorem</strong></span> <span class='ocrx_word' id='word_1_77' title='bbox 1040 1567 1295 1612; x_wconf 89' lang='lat' dir='ltr'><strong>manum</strong></span> <span class='ocrx_word' id='word_1_78' title='bbox 1316 1549 1509 1614; x_wconf 90' lang='lat' dir='ltr'><strong>multo</strong></span> <span class='ocrx_word' id='word_1_79' title='bbox 1544 1552 1843 1616; x_wconf 80' lang='lat' dir='ltr'><strong>recentior</strong></span> <span class='ocrx_word' id='word_1_80' title='bbox 1878 1551 2124 1614; x_wconf 89' lang='lat' dir='ltr'><strong>imitans</strong></span> <span class='ocrx_word' id='word_1_81' title='bbox 2160 1553 2470 1637; x_wconf 76' lang='lat' dir='ltr'><strong>expressit.</strong></span> <span class='ocrx_word' id='word_1_82' title='bbox 2494 1554 2717 1618; x_wconf 83' lang='lat' dir='ltr'><strong>Mino-</strong></span> 
     </span>
     <span class='ocr_line' id='line_1_12' title="bbox 691 1658 2717 1753; baseline 0.008 -35"><span class='ocrx_word' id='word_1_83' title='bbox 691 1677 823 1719; x_wconf 88' lang='lat' dir='ltr'><strong>rem</strong></span> <span class='ocrx_word' id='word_1_84' title='bbox 853 1658 1065 1744; x_wconf 90' lang='lat' dir='ltr'><strong>utique</strong></span> <span class='ocrx_word' id='word_1_85' title='bbox 1100 1670 1373 1745; x_wconf 81' lang='lat' dir='ltr'><strong>aetatem‚</strong></span> <span class='ocrx_word' id='word_1_86' title='bbox 1418 1674 1636 1747; x_wconf 80' lang='lat' dir='ltr'><strong>praeter</strong></span> <span class='ocrx_word' id='word_1_87' title='bbox 1675 1664 2019 1728; x_wconf 86' lang='lat' dir='ltr'><strong>breviorem</strong></span> <span class='ocrx_word' id='word_1_88' title='bbox 2061 1676 2122 1729; x_wconf 91' lang='lat' dir='ltr'><strong>et</strong></span> <span class='ocrx_word' id='word_1_89' title='bbox 2166 1667 2314 1730; x_wconf 85' lang='lat' dir='ltr'><strong>alias</strong></span> <span class='ocrx_word' id='word_1_90' title='bbox 2355 1680 2717 1753; x_wconf 83' lang='lat' dir='ltr'><strong>corruptam</strong></span> 
     </span>
     <span class='ocr_line' id='line_1_13' title="bbox 691 1768 2720 1869; baseline 0.011 -39"><span class='ocrx_word' id='word_1_91' title='bbox 691 1768 1029 1833; x_wconf 88' lang='lat' dir='ltr'><strong>litterarum</strong></span> <span class='ocrx_word' id='word_1_92' title='bbox 1062 1773 1435 1863; x_wconf 82' lang='lat' dir='ltr'><strong>speciem(§.</strong></span> <span class='ocrx_word' id='word_1_93' title='bbox 1460 1773 1650 1864; x_wconf 85' lang='lat'>422.)</span> <span class='ocrx_word' id='word_1_94' title='bbox 1671 1824 1687 1857; x_wconf 89' lang='lat'>,</span> <span class='ocrx_word' id='word_1_95' title='bbox 1721 1777 1987 1861; x_wconf 83' lang='lat' dir='ltr'><strong>produnt</strong></span> <span class='ocrx_word' id='word_1_96' title='bbox 2019 1782 2316 1850; x_wconf 78' lang='lat' dir='ltr'><strong>orationis</strong></span> <span class='ocrx_word' id='word_1_97' title='bbox 2348 1806 2455 1868; x_wconf 86' lang='lat' dir='ltr'><strong>per</strong></span> <span class='ocrx_word' id='word_1_98' title='bbox 2481 1797 2720 1869; x_wconf 80' lang='lat' dir='ltr'><strong>puncta</strong></span> 
     </span>
     <span class='ocr_line' id='line_1_14' title="bbox 602 1883 2716 1983; baseline 0.01 -42"><span class='ocrx_word' id='word_1_99' title='bbox 602 1919 603 1922; x_wconf 59' lang='lat'><em>=</em></span> <span class='ocrx_word' id='word_1_100' title='bbox 692 1890 1097 1946; x_wconf 80' lang='lat' dir='ltr'><strong>et-commata</strong></span> <span class='ocrx_word' id='word_1_101' title='bbox 1153 1883 1456 1950; x_wconf 86' lang='lat' dir='ltr'><strong>distinctio</strong></span> <span class='ocrx_word' id='word_1_102' title='bbox 1481 1934 1498 1969; x_wconf 88' lang='lat'>‚</span> <span class='ocrx_word' id='word_1_103' title='bbox 1545 1887 2068 1975; x_wconf 86' lang='lat' dir='ltr'><strong>diphthongorum</strong></span> <span class='ocrx_word' id='word_1_104' title='bbox 2129 1897 2466 1960; x_wconf 87' lang='lat' dir='ltr'><strong>contractio</strong></span> <span class='ocrx_word' id='word_1_105' title='bbox 2490 1945 2507 1979; x_wconf 91' lang='lat'>,</span> <span class='ocrx_word' id='word_1_106' title='bbox 2560 1909 2673 1962; x_wconf 86' lang='lat' dir='ltr'><strong>aut</strong></span> <span class='ocrx_word' id='word_1_107' title='bbox 2692 1947 2716 1983; x_wconf 85' lang='lat'>,</span> 
     </span>
     <span class='ocr_line' id='line_1_15' title="bbox 693 1994 2716 2095; baseline 0.008 -39"><span class='ocrx_word' id='word_1_108' title='bbox 693 1994 858 2081; x_wconf 90' lang='lat' dir='ltr'><strong>quod</strong></span> <span class='ocrx_word' id='word_1_109' title='bbox 880 2043 897 2077; x_wconf 90' lang='lat'>,</span> <span class='ocrx_word' id='word_1_110' title='bbox 927 1995 1083 2059; x_wconf 89' lang='lat' dir='ltr'><strong>sicut</strong></span> <span class='ocrx_word' id='word_1_111' title='bbox 1119 1998 1185 2060; x_wconf 91' lang='lat' dir='ltr'><strong>in</strong></span> <span class='ocrx_word' id='word_1_112' title='bbox 1215 1997 1445 2064; x_wconf 81' lang='lat' dir='ltr'><strong>Graecis</strong></span> <span class='ocrx_word' id='word_1_113' title='bbox 1471 2013 1790 2085; x_wconf 78' lang='lat' dir='ltr'><strong>accentus,</strong></span> <span class='ocrx_word' id='word_1_114' title='bbox 1822 2004 2174 2070; x_wconf 89' lang='lat' dir='ltr'><strong>recentioris</strong></span> <span class='ocrx_word' id='word_1_115' title='bbox 2204 2007 2668 2073; x_wconf 79' lang='lat' dir='ltr'><strong>consuetudinis</strong></span> <span class='ocrx_word' id='word_1_116' title='bbox 2692 2059 2716 2095; x_wconf 79' lang='lat'>,</span> 
     </span>
     <span class='ocr_line' id='line_1_16' title="bbox 692 2112 2710 2210; baseline 0.007 -38"><span class='ocrx_word' id='word_1_117' title='bbox 692 2120 995 2194; x_wconf 79' lang='lat' dir='ltr'><strong>punctum</strong></span> <span class='ocrx_word' id='word_1_118' title='bbox 1025 2112 1095 2173; x_wconf 92' lang='lat' dir='ltr'><strong>in</strong></span> <span class='ocrx_word' id='word_1_119' title='bbox 1122 2113 1407 2202; x_wconf 66' lang='lat' dir='ltr'><strong>litteral.</strong></span> <span class='ocrx_word' id='word_1_120' title='bbox 1438 2116 1523 2178; x_wconf 78' lang='lat' dir='ltr'><strong>Ex</strong></span> <span class='ocrx_word' id='word_1_121' title='bbox 1548 2115 1809 2196; x_wconf 83' lang='lat' dir='ltr'><strong>breviori</strong></span> <span class='ocrx_word' id='word_1_122' title='bbox 1833 2127 2051 2186; x_wconf 81' lang='lat' dir='ltr'><strong>autem</strong></span> <span class='ocrx_word' id='word_1_123' title='bbox 2072 2167 2090 2202; x_wconf 88' lang='lat'>‚</span> <span class='ocrx_word' id='word_1_124' title='bbox 2126 2131 2193 2186; x_wconf 89' lang='lat' dir='ltr'><strong>ut</strong></span> <span class='ocrx_word' id='word_1_125' title='bbox 2234 2133 2484 2204; x_wconf 62' lang='lat' dir='ltr'><strong>vocant,</strong></span> <span class='ocrx_word' id='word_1_126' title='bbox 2514 2123 2710 2210; x_wconf 83' lang='lat' dir='ltr'><strong>scrip-</strong></span> 
     </span>
     <span class='ocr_line' id='line_1_17' title="bbox 691 2223 2712 2321; baseline 0.008 -38"><span class='ocrx_word' id='word_1_127' title='bbox 691 2232 830 2286; x_wconf 82' lang='lat' dir='ltr'><strong>tura</strong></span> <span class='ocrx_word' id='word_1_128' title='bbox 876 2223 1185 2289; x_wconf 84' lang='lat' dir='ltr'><strong>fluxerunt</strong></span> <span class='ocrx_word' id='word_1_129' title='bbox 1223 2227 1437 2291; x_wconf 72' lang='lat' dir='ltr'><strong>littera&gt;</strong></span> <span class='ocrx_word' id='word_1_130' title='bbox 1466 2227 1777 2310; x_wconf 72' lang='lat' dir='ltr'><strong>Gothicae,</strong></span> <span class='ocrx_word' id='word_1_131' title='bbox 1819 2231 2325 2318; x_wconf 82' lang='lat' dir='ltr'><strong>Longohardicae,</strong></span> <span class='ocrx_word' id='word_1_132' title='bbox 2356 2236 2670 2300; x_wconf 76' lang='lat' dir='ltr'><strong>Francicoe</strong></span> <span class='ocrx_word' id='word_1_133' title='bbox 2690 2286 2712 2321; x_wconf 89' lang='lat'>‚</span> 
     </span>
     <span class='ocr_line' id='line_1_18' title="bbox 693 2333 2711 2426; baseline 0.009 -31"><span class='ocrx_word' id='word_1_134' title='bbox 693 2342 754 2396; x_wconf 86' lang='lat' dir='ltr'><strong>et</strong></span> <span class='ocrx_word' id='word_1_135' title='bbox 781 2333 830 2396; x_wconf 86' lang='lat' dir='ltr'><strong>si</strong></span> <span class='ocrx_word' id='word_1_136' title='bbox 859 2355 996 2422; x_wconf 83' lang='lat' dir='ltr'><strong>quae</strong></span> <span class='ocrx_word' id='word_1_137' title='bbox 1025 2348 1167 2407; x_wconf 87' lang='lat' dir='ltr'><strong>sunt</strong></span> <span class='ocrx_word' id='word_1_138' title='bbox 1196 2349 1502 2426; x_wconf 84' lang='lat' dir='ltr'><strong>praeterea.</strong></span> <span class='ocrx_word' id='word_1_139' title='bbox 1537 2341 1839 2407; x_wconf 83' lang='lat' dir='ltr'><strong>Caeterum</strong></span> <span class='ocrx_word' id='word_1_140' title='bbox 1878 2345 2112 2408; x_wconf 77' lang='lat' dir='ltr'><strong>saeculis</strong></span> <span class='ocrx_word' id='word_1_141' title='bbox 2153 2368 2317 2411; x_wconf 89' lang='lat' dir='ltr'><strong>nono</strong></span> <span class='ocrx_word' id='word_1_142' title='bbox 2364 2359 2425 2411; x_wconf 87' lang='lat' dir='ltr'><strong>et</strong></span> <span class='ocrx_word' id='word_1_143' title='bbox 2462 2347 2711 2414; x_wconf 87' lang='lat' dir='ltr'><strong>decimo</strong></span> 
     </span>
     <span class='ocr_line' id='line_1_19' title="bbox 686 2448 2713 2543; baseline 0.01 -33"><span class='ocrx_word' id='word_1_144' title='bbox 686 2448 904 2517; x_wconf 72' lang='lat' dir='ltr'><strong>tersior</strong></span> <span class='ocrx_word' id='word_1_145' title='bbox 934 2451 1115 2543; x_wconf 80' lang='lat' dir='ltr'><strong>etiam</strong></span> <span class='ocrx_word' id='word_1_146' title='bbox 1158 2463 1219 2517; x_wconf 88' lang='lat' dir='ltr'><strong>et</strong></span> <span class='ocrx_word' id='word_1_147' title='bbox 1248 2453 1581 2539; x_wconf 79' lang='lat' dir='ltr'><strong>elegantior</strong></span> <span class='ocrx_word' id='word_1_148' title='bbox 1611 2455 1942 2542; x_wconf 81' lang='lat' dir='ltr'><strong>scriptura3</strong></span> <span class='ocrx_word' id='word_1_149' title='bbox 1976 2458 2113 2531; x_wconf 85' lang='lat' dir='ltr'><strong>exin</strong></span> <span class='ocrx_word' id='word_1_150' title='bbox 2145 2460 2360 2527; x_wconf 72' lang='lat' dir='ltr'><strong>litterae</strong></span> <span class='ocrx_word' id='word_1_151' title='bbox 2388 2465 2713 2531; x_wconf 82' lang='lat' dir='ltr'><strong>crassiores</strong></span> 
     </span>
     <span class='ocr_line' id='line_1_20' title="bbox 694 2550 2711 2667; baseline 0.012 -43"><span class='ocrx_word' id='word_1_152' title='bbox 694 2571 757 2624; x_wconf 84' lang='lat' dir='ltr'><strong>et</strong></span> <span class='ocrx_word' id='word_1_153' title='bbox 804 2562 1161 2653; x_wconf 86' lang='lat' dir='ltr'><strong>compendia</strong></span> <span class='ocrx_word' id='word_1_154' title='bbox 1184 2611 1202 2646; x_wconf 87' lang='lat'>,</span> <span class='ocrx_word' id='word_1_155' title='bbox 1251 2565 1440 2630; x_wconf 89' lang='lat' dir='ltr'><strong>serius</strong></span> <span class='ocrx_word' id='word_1_156' title='bbox 1489 2588 1684 2654; x_wconf 85' lang='lat' dir='ltr'><strong>usque</strong></span> <span class='ocrx_word' id='word_1_157' title='bbox 1725 2550 2135 2656; x_wconf 41' lang='lat' dir='ltr'><strong>&#39;multiplicata</strong></span> <span class='ocrx_word' id='word_1_158' title='bbox 2160 2624 2178 2658; x_wconf 89' lang='lat'>,</span> <span class='ocrx_word' id='word_1_159' title='bbox 2227 2577 2668 2649; x_wconf 77' lang='lat' dir='ltr'><strong>accedentibus</strong></span> <span class='ocrx_word' id='word_1_160' title='bbox 2691 2632 2711 2667; x_wconf 90' lang='lat'><strong>,</strong></span> 
     </span>
     <span class='ocr_line' id='line_1_21' title="bbox 695 2675 2716 2773; baseline 0.011 -38"><span class='ocrx_word' id='word_1_161' title='bbox 695 2675 871 2759; x_wconf 86' lang='lat' dir='ltr'><strong>queis</strong></span> <span class='ocrx_word' id='word_1_162' title='bbox 896 2686 1157 2761; x_wconf 86' lang='lat' dir='ltr'><strong>augetur</strong></span> <span class='ocrx_word' id='word_1_163' title='bbox 1195 2675 1472 2742; x_wconf 88' lang='lat' dir='ltr'><strong>lectionis</strong></span> <span class='ocrx_word' id='word_1_164' title='bbox 1498 2678 1820 2747; x_wconf 87' lang='lat' dir='ltr'><strong>difficultas</strong></span> <span class='ocrx_word' id='word_1_165' title='bbox 1843 2732 1870 2773; x_wconf 24' lang='grc' dir='ltr'><strong>,Ι</strong></span> <span class='ocrx_word' id='word_1_166' title='bbox 1892 2686 2231 2756; x_wconf 77' lang='lat' dir='ltr'><strong>litterarum</strong></span> <span class='ocrx_word' id='word_1_167' title='bbox 2270 2691 2461 2756; x_wconf 87' lang='lat' dir='ltr'><strong>nimia</strong></span> <span class='ocrx_word' id='word_1_168' title='bbox 2487 2704 2716 2758; x_wconf 85' lang='lat' dir='ltr'><strong>exten-</strong></span> 
     </span>
     <span class='ocr_line' id='line_1_22' title="bbox 692 2785 2218 2873; baseline 0.012 -25"><span class='ocrx_word' id='word_1_169' title='bbox 692 2785 860 2851; x_wconf 76' lang='lat' dir='ltr'><strong>sione</strong></span> <span class='ocrx_word' id='word_1_170' title='bbox 882 2834 900 2868; x_wconf 89' lang='lat'>,</span> <span class='ocrx_word' id='word_1_171' title='bbox 924 2788 1124 2852; x_wconf 91' lang='lat' dir='ltr'><strong>otiosis</strong></span> <span class='ocrx_word' id='word_1_172' title='bbox 1152 2790 1328 2853; x_wconf 87' lang='lat' dir='ltr'><strong>lineis</strong></span> <span class='ocrx_word' id='word_1_173' title='bbox 1344 2840 1361 2873; x_wconf 91' lang='lat'>‚</span> <span class='ocrx_word' id='word_1_174' title='bbox 1387 2802 1449 2855; x_wconf 86' lang='lat' dir='ltr'><strong>et</strong></span> <span class='ocrx_word' id='word_1_175' title='bbox 1478 2791 1774 2859; x_wconf 88' lang='lat' dir='ltr'><strong>liberioris</strong></span> <span class='ocrx_word' id='word_1_176' title='bbox 1800 2798 2023 2861; x_wconf 83' lang='lat' dir='ltr'><strong>calami</strong></span> <span class='ocrx_word' id='word_1_177' title='bbox 2056 2801 2218 2869; x_wconf 90' lang='lat' dir='ltr'><strong>lusu.</strong></span> 
     </span>
    </p>

    <p class='ocr_par' dir='ltr' id='par_1_3' title="bbox 687 2893 2808 3448">
     <span class='ocr_line' id='line_1_23' title="bbox 783 2893 2808 3005; baseline 0.012 -43"><span class='ocrx_word' id='word_1_178' title='bbox 783 2902 931 2965; x_wconf 85' lang='lat'><strong>429.</strong></span> <span class='ocrx_word' id='word_1_179' title='bbox 981 2901 1056 2965; x_wconf 92' lang='lat' dir='ltr'><strong>In</strong></span> <span class='ocrx_word' id='word_1_180' title='bbox 1083 2902 1516 2988; x_wconf 85' lang='lat' dir='ltr'><strong>antiquissimis</strong></span> <span class='ocrx_word' id='word_1_181' title='bbox 1540 2906 1852 2973; x_wconf 84' lang='lat' dir='ltr'><strong>codicibus</strong></span> <span class='ocrx_word' id='word_1_182' title='bbox 1882 2911 2108 2976; x_wconf 87' lang='lat' dir='ltr'><strong>Latinis</strong></span> <span class='ocrx_word' id='word_1_183' title='bbox 2129 2963 2146 2997; x_wconf 91' lang='lat'>,</span> <span class='ocrx_word' id='word_1_184' title='bbox 2176 2915 2513 3005; x_wconf 76' lang='lat' dir='ltr'><strong>interquos</strong></span> <span class='ocrx_word' id='word_1_185' title='bbox 2536 2920 2718 3005; x_wconf 83' lang='lat' dir='ltr'><strong>ipso-</strong></span> <span class='ocrx_word' id='word_1_186' title='bbox 2793 2893 2808 2910; x_wconf 40' lang='grc' dir='ltr'><strong>ο</strong></span> 
     </span>
     <span class='ocr_line' id='line_1_24' title="bbox 690 3014 2720 3119; baseline 0.012 -44"><span class='ocrx_word' id='word_1_187' title='bbox 690 3034 833 3076; x_wconf 89' lang='lat' dir='ltr'><strong>rum</strong></span> <span class='ocrx_word' id='word_1_188' title='bbox 862 3014 1055 3080; x_wconf 77' lang='lat' dir='ltr'><strong>forma</strong></span> <span class='ocrx_word' id='word_1_189' title='bbox 1084 3015 1424 3081; x_wconf 88' lang='lat' dir='ltr'><strong>litterarum</strong></span> <span class='ocrx_word' id='word_1_190' title='bbox 1455 3020 1610 3106; x_wconf 79' lang='lat' dir='ltr'><strong>typis</strong></span> <span class='ocrx_word' id='word_1_191' title='bbox 1637 3023 1897 3109; x_wconf 83' lang='lat' dir='ltr'><strong>vulgati,</strong></span> <span class='ocrx_word' id='word_1_192' title='bbox 1949 3040 2372 3096; x_wconf 86' lang='lat' dir='ltr'><strong>memorantur</strong></span> <span class='ocrx_word' id='word_1_193' title='bbox 2409 3033 2720 3119; x_wconf 83' lang='lat' dir='ltr'><strong>Virgilius</strong></span> 
     </span>
     <span class='ocr_line' id='line_1_25' title="bbox 691 3124 2718 3231; baseline 0.011 -42"><span class='ocrx_word' id='word_1_194' title='bbox 691 3124 1008 3191; x_wconf 72' lang='lat' dir='ltr'><strong>Florentiae</strong></span> <span class='ocrx_word' id='word_1_195' title='bbox 1053 3127 1267 3218; x_wconf 86' lang='lat' dir='ltr'><strong>(codex</strong></span> <span class='ocrx_word' id='word_1_196' title='bbox 1311 3131 1689 3222; x_wconf 80' lang='lat' dir='ltr'><strong>Mediceus);</strong></span> <span class='ocrx_word' id='word_1_197' title='bbox 1730 3138 2030 3224; x_wconf 84' lang='lat' dir='ltr'><strong>Virgilius</strong></span> <span class='ocrx_word' id='word_1_198' title='bbox 2077 3142 2451 3231; x_wconf 80' lang='lat' dir='ltr'><strong>Vaticanus,</strong></span> <span class='ocrx_word' id='word_1_199' title='bbox 2498 3149 2718 3213; x_wconf 70' lang='lat' dir='ltr'><strong>wenti</strong></span> 
     </span>
     <span class='ocr_line' id='line_1_26' title="bbox 688 3238 2721 3344; baseline 0.011 -43"><span class='ocrx_word' id='word_1_200' title='bbox 688 3238 892 3324; x_wconf 74' lang='lat' dir='ltr'><strong>quinti</strong></span> <span class='ocrx_word' id='word_1_201' title='bbox 906 3240 1237 3327; x_wconf 79' lang='lat' dir='ltr'><strong>judicatus3</strong></span> <span class='ocrx_word' id='word_1_202' title='bbox 1257 3245 1576 3311; x_wconf 86' lang='lat' dir='ltr'><strong>Terentius</strong></span> <span class='ocrx_word' id='word_1_203' title='bbox 1596 3248 1947 3333; x_wconf 85' lang='lat' dir='ltr'><strong>Vaticanus,</strong></span> <span class='ocrx_word' id='word_1_204' title='bbox 1970 3252 2186 3318; x_wconf 86' lang='lat' dir='ltr'><strong>litteris</strong></span> <span class='ocrx_word' id='word_1_205' title='bbox 2205 3256 2514 3341; x_wconf 85' lang='lat' dir='ltr'><strong>quadratis</strong></span> <span class='ocrx_word' id='word_1_206' title='bbox 2533 3309 2550 3341; x_wconf 85' lang='lat'>‚</span> <span class='ocrx_word' id='word_1_207' title='bbox 2571 3259 2721 3344; x_wconf 86' lang='lat' dir='ltr'><strong>pic·—</strong></span> 
     </span>
     <span class='ocr_line' id='line_1_27' title="bbox 687 3352 2728 3448; baseline 0.012 -35"><span class='ocrx_word' id='word_1_208' title='bbox 687 3352 839 3415; x_wconf 87' lang='lat' dir='ltr'><strong>turis</strong></span> <span class='ocrx_word' id='word_1_209' title='bbox 872 3375 1264 3438; x_wconf 86' lang='lat' dir='ltr'><strong>personarum</strong></span> <span class='ocrx_word' id='word_1_210' title='bbox 1300 3371 1580 3446; x_wconf 86' lang='lat' dir='ltr'><strong>ornatus;</strong></span> <span class='ocrx_word' id='word_1_211' title='bbox 1617 3362 1804 3428; x_wconf 86' lang='lat' dir='ltr'><strong>codex</strong></span> <span class='ocrx_word' id='word_1_212' title='bbox 1823 3364 2208 3431; x_wconf 88' lang='lat' dir='ltr'><strong>Florentinus</strong></span> <span class='ocrx_word' id='word_1_213' title='bbox 2233 3370 2728 3448; x_wconf 66' lang='lat' dir='ltr'><strong>Pandeotarum:</strong></span> 
     </span>
    </p>
   </div>
   <div class='ocr_carea' id='block_1_3' title="bbox 680 3489 2725 4157">
    <p class='ocr_par' dir='ltr' id='par_1_4' title="bbox 680 3489 2725 4157">
     <span class='ocr_line' id='line_1_28' title="bbox 775 3489 2720 3598; baseline 0.014 -46"><span class='ocrx_word' id='word_1_214' title='bbox 775 3489 1097 3575; x_wconf 84' lang='lat' dir='ltr'><strong>Absoluta,</strong></span> <span class='ocrx_word' id='word_1_215' title='bbox 1131 3502 1200 3556; x_wconf 86' lang='lat' dir='ltr'><strong>ut</strong></span> <span class='ocrx_word' id='word_1_216' title='bbox 1227 3493 1310 3558; x_wconf 90' lang='lat' dir='ltr'><strong>ita</strong></span> <span class='ocrx_word' id='word_1_217' title='bbox 1352 3496 1678 3583; x_wconf 85' lang='lat' dir='ltr'><strong>loquamur</strong></span> <span class='ocrx_word' id='word_1_218' title='bbox 1698 3550 1716 3583; x_wconf 87' lang='lat'>‚</span> <span class='ocrx_word' id='word_1_219' title='bbox 1746 3502 2034 3569; x_wconf 86' lang='lat' dir='ltr'><strong>litteraria</strong></span> <span class='ocrx_word' id='word_1_220' title='bbox 2058 3554 2077 3589; x_wconf 89' lang='lat'>,</span> <span class='ocrx_word' id='word_1_221' title='bbox 2115 3527 2187 3569; x_wconf 85' lang='lat' dir='ltr'><strong>ex</strong></span> <span class='ocrx_word' id='word_1_222' title='bbox 2214 3509 2443 3579; x_wconf 88' lang='lat' dir='ltr'><strong>artium</strong></span> <span class='ocrx_word' id='word_1_223' title='bbox 2476 3514 2720 3598; x_wconf 80' lang='lat' dir='ltr'><strong>pariter</strong></span> 
     </span>
     <span class='ocr_line' id='line_1_29' title="bbox 685 3605 2718 3706; baseline 0.013 -38"><span class='ocrx_word' id='word_1_224' title='bbox 685 3605 1043 3690; x_wconf 80' lang='lat' dir='ltr'><strong>antiquitate</strong></span> <span class='ocrx_word' id='word_1_225' title='bbox 1071 3606 1352 3692; x_wconf 70' lang='lat' dir='ltr'><strong>quaedam</strong></span> <span class='ocrx_word' id='word_1_226' title='bbox 1380 3609 1733 3697; x_wconf 81' lang='lat' dir='ltr'><strong>adserimus,</strong></span> <span class='ocrx_word' id='word_1_227' title='bbox 1762 3615 1865 3698; x_wconf 89' lang='lat' dir='ltr'><strong>ita,</strong></span> <span class='ocrx_word' id='word_1_228' title='bbox 1896 3629 2001 3701; x_wconf 86' lang='lat' dir='ltr'><strong>ut,</strong></span> <span class='ocrx_word' id='word_1_229' title='bbox 2029 3621 2558 3706; x_wconf 82' lang='lat' dir='ltr'><strong>quemadmodum</strong></span> <span class='ocrx_word' id='word_1_230' title='bbox 2588 3650 2718 3698; x_wconf 87' lang='lat' dir='ltr'><strong>neo</strong></span> 
     </span>
     <span class='ocr_line' id='line_1_30' title="bbox 685 3717 2720 3818; baseline 0.014 -40"><span class='ocrx_word' id='word_1_231' title='bbox 685 3718 751 3779; x_wconf 86' lang='lat' dir='ltr'><strong>in</strong></span> <span class='ocrx_word' id='word_1_232' title='bbox 778 3717 881 3782; x_wconf 87' lang='lat' dir='ltr'><strong>illa</strong></span> <span class='ocrx_word' id='word_1_233' title='bbox 906 3719 1278 3804; x_wconf 85' lang='lat' dir='ltr'><strong>litterarum,</strong></span> <span class='ocrx_word' id='word_1_234' title='bbox 1313 3722 1399 3787; x_wconf 88' lang='lat' dir='ltr'><strong>sic</strong></span> <span class='ocrx_word' id='word_1_235' title='bbox 1425 3746 1627 3818; x_wconf 89' lang='lat' dir='ltr'><strong>neque</strong></span> <span class='ocrx_word' id='word_1_236' title='bbox 1663 3728 1730 3794; x_wconf 87' lang='lat' dir='ltr'><strong>in</strong></span> <span class='ocrx_word' id='word_1_237' title='bbox 1768 3727 1884 3794; x_wconf 89' lang='lat' dir='ltr'><strong>hac</strong></span> <span class='ocrx_word' id='word_1_238' title='bbox 1920 3744 2089 3816; x_wconf 88' lang='lat' dir='ltr'><strong>parte</strong></span> <span class='ocrx_word' id='word_1_239' title='bbox 2115 3736 2343 3800; x_wconf 86' lang='lat' dir='ltr'><strong>artium</strong></span> <span class='ocrx_word' id='word_1_240' title='bbox 2372 3750 2481 3803; x_wconf 90' lang='lat' dir='ltr'><strong>aut</strong></span> <span class='ocrx_word' id='word_1_241' title='bbox 2518 3741 2720 3807; x_wconf 75' lang='lat' dir='ltr'><strong>theo-</strong></span> 
     </span>
     <span class='ocr_line' id='line_1_31' title="bbox 686 3831 2725 3921; baseline 0.016 -32"><span class='ocrx_word' id='word_1_242' title='bbox 686 3831 908 3905; x_wconf 75' lang='lat' dir='ltr'><strong>riam,</strong></span> <span class='ocrx_word' id='word_1_243' title='bbox 945 3842 1016 3894; x_wconf 88' lang='lat' dir='ltr'><strong>ut</strong></span> <span class='ocrx_word' id='word_1_244' title='bbox 1049 3844 1291 3918; x_wconf 82' lang='lat' dir='ltr'><strong>vocant,</strong></span> <span class='ocrx_word' id='word_1_245' title='bbox 1322 3847 1428 3900; x_wconf 89' lang='lat' dir='ltr'><strong>aut</strong></span> <span class='ocrx_word' id='word_1_246' title='bbox 1471 3837 1783 3906; x_wconf 87' lang='lat' dir='ltr'><strong>historiam</strong></span> <span class='ocrx_word' id='word_1_247' title='bbox 1828 3842 2242 3912; x_wconf 82' lang='lat' dir='ltr'><strong>doctrinamve</strong></span> <span class='ocrx_word' id='word_1_248' title='bbox 2286 3860 2545 3918; x_wconf 82' lang='lat' dir='ltr'><strong>tractare</strong></span> <span class='ocrx_word' id='word_1_249' title='bbox 2585 3878 2725 3921; x_wconf 76' lang='lat' dir='ltr'><strong>vo-</strong></span> 
     </span>
     <span class='ocr_line' id='line_1_32' title="bbox 683 3938 2722 4057; baseline 0.014 -57"><span class='ocrx_word' id='word_1_250' title='bbox 683 3938 866 4002; x_wconf 89' lang='lat' dir='ltr'><strong>luisse</strong></span> <span class='ocrx_word' id='word_1_251' title='bbox 907 3942 1251 4010; x_wconf 83' lang='lat' dir='ltr'><strong>videamur·</strong></span> <span class='ocrx_word' id='word_1_252' title='bbox 1233 3959 1619 4038; x_wconf 86' lang='lat' dir='ltr'><strong>‚utrumque</strong></span> <span class='ocrx_word' id='word_1_253' title='bbox 1651 3956 1857 4040; x_wconf 87' lang='lat' dir='ltr'><strong>enim,</strong></span> <span class='ocrx_word' id='word_1_254' title='bbox 1891 3970 1961 4022; x_wconf 86' lang='lat' dir='ltr'><strong>ut</strong></span> <span class='ocrx_word' id='word_1_255' title='bbox 1989 3961 2083 4023; x_wconf 91' lang='lat' dir='ltr'><strong>sui</strong></span> <span class='ocrx_word' id='word_1_256' title='bbox 2112 3974 2391 4029; x_wconf 82' lang='lat' dir='ltr'><strong>constent</strong></span> <span class='ocrx_word' id='word_1_257' title='bbox 2414 3968 2722 4057; x_wconf 67' lang='lat' dir='ltr'><strong>antiqui-</strong></span> 
     </span>
     <span class='ocr_line' id='line_1_33' title="bbox 680 4055 2517 4157; baseline 0.016 -38"><span class='ocrx_word' id='word_1_258' title='bbox 680 4059 875 4123; x_wconf 77' lang='lat' dir='ltr'><strong>tatum</strong></span> <span class='ocrx_word' id='word_1_259' title='bbox 900 4055 1097 4124; x_wconf 80' lang='lat' dir='ltr'><strong>studio</strong></span> <span class='ocrx_word' id='word_1_260' title='bbox 1126 4058 1313 4147; x_wconf 79' lang='lat' dir='ltr'><strong>fines,</strong></span> <span class='ocrx_word' id='word_1_261' title='bbox 1339 4062 1417 4129; x_wconf 90' lang='lat' dir='ltr'><strong>ab</strong></span> <span class='ocrx_word' id='word_1_262' title='bbox 1446 4064 1567 4134; x_wconf 83' lang='lat' dir='ltr'><strong>illis</strong></span> <span class='ocrx_word' id='word_1_263' title='bbox 1601 4070 2050 4157; x_wconf 83' lang='lat' dir='ltr'><strong>segregandum</strong></span> <span class='ocrx_word' id='word_1_264' title='bbox 2079 4074 2517 4151; x_wconf 81' lang='lat' dir='ltr'><strong>existimamus</strong></span> 
     </span>
    </p>
   </div>
  </div>
 </body>
</html>
