3111 4829
1318 433 1570 516 (203)

448 571 500 636 ⁴)
517 570 839 631 Heineccius‚
868 568 1015 630 Synt.
1043 566 1104 630 1,
1128 553 1197 630 2,
1211 565 1304 626 65,
1331 592 1391 601 —
1412 567 1647 629 adparet,
1674 580 1988 629 quotcunque
2010 569 2195 615 sensim
2225 565 2457 631 August·

445 661 694 708 detulerat
710 663 917 706 senatus
931 691 945 717 ‚
962 672 1022 703 ca
1038 660 1212 717 postea
1236 653 1438 702 Tiberio
1450 688 1467 716 ,
1488 654 1706 716 aliaeque
1722 654 2050 718 Principibus
2061 655 2226 717 fuisse
2243 658 2456 706 ἄπνοια.

449 751 639 799 Omnia
676 764 791 812 erqo
822 748 916 796 illa
948 745 1082 797 Sota
1118 759 1225 794 non
1265 760 1369 793 uno
1406 745 1672 806 eodemque
1713 750 1929 807 empore
1963 745 2103 806 facta
2114 781 2131 809 ‚
2170 749 2461 811 sepiusque

445 841 628 888 deinde
659 841 868 902 repetita
880 874 897 900 ‚
921 836 1079 885 simul
1097 842 1267 884 sumta
1287 870 1303 897 ,
1332 834 1410 886 los
1432 832 1680 881 IMPERII
1700 836 1869 883 vocari
1885 843 2252 897 consueverunt
2269 853 2302 886 a
2312 838 2461 900 Jun-

445 930 711 983 consultis,
734 935 795 976 ut
813 935 862 976 et
876 925 993 976 LEX
1021 926 1216 975 REGIA
1227 960 1247 990 ,
1266 925 1488 989 exemplo
1502 961 1518 988 ‚
1543 931 1603 972 ut
1622 909 1824 989 opinior,
1847 931 2066 974 veterum
2086 925 2433 977 Romanorum
2447 964 2464 991 ,

444 1021 542 1080 qun·
554 1051 573 1081 ,
613 1018 735 1066 urbo
756 1020 842 1065 vix
862 1023 987 1065 nata
1008 1053 1025 1080 ,
1054 1015 1274 1066 Romulo
1307 1030 1598 1078 supremam
1622 1021 1916 1076 potestatem
1939 1024 2284 1066 concesserant
2303 1017 2459 1064 LEGE

446 1106 641 1154 REGIA
656 1141 675 1171 ,
699 1106 850 1169 cujus
875 1106 1108 1154 meminit
1126 1104 1308 1156 Licinn
1329 1102 1347 1168 (
1366 1101 1430 1152 54
1445 1138 1462 1167 ,
1486 1102 1561 1165 ὃ.)
1580 1103 1657 1151 Ad
1679 1118 1793 1166 quae
1814 1104 2061 1153 Hauboldi
2079 1109 2245 1169 operis
2264 1108 2465 1155 heinm-

443 1196 587 1242 cs'ani
604 1197 836 1258 epicnbis
846 1229 865 1259 ,
882 1210 934 1259 p.
958 1192 1055 1243 918
1067 1230 1084 1259 ‚
1110 1193 1243 1258 Quoe
1260 1201 1439 1243 auctor
1453 1195 1515 1242 de
1535 1193 1641 1256 1090
1659 1196 2043 1257 rayca-maxime
2056 1191 2100 1262 §.
2125 1194 2208 1243 65.
2225 1198 2429 1259 scripsit
2448 1233 2464 1260 ,

441 1286 510 1332 ι’ἰε
530 1300 671 1332 nunc
687 1288 1008 1347 patrocinari
1026 1286 1227 1334 videtur
1245 1285 1410 1334 Gaius
1436 1283 1484 1332 1.
1515 1280 1561 1351 3.
1591 1282 1642 1331 5.
1666 1283 1754 1331 ubi
1777 1284 1885 1332 haec
1906 1303 1917 1331 :
1945 1300 2037 1332 nec
2057 1300 2290 1348 unquam
2311 1286 2470 1334 aubi-

444 1378 604 1422 tatum
626 1381 699 1421 est
713 1411 728 1435 ‚
752 1377 882 1438 quin
902 1376 960 1422 id
993 1375 1138 1437 (scil.
1162 1375 1297 1438 quod
1320 1375 1597 1438 Imperator
1627 1372 1828 1422 decreto
1844 1408 1863 1438 ,
1891 1375 1968 1423 vel
1990 1374 2159 1425 edicto
2179 1412 2196 1438 ‚
2223 1377 2301 1426 vel
2330 1377 2461 1442 epis-

441 1463 542 1512 tola
573 1464 863 1528 constituit)
898 1465 1023 1527 ἱερὴ
1062 1467 1165 1512 vim
1206 1465 1426 1513 obtineat
1440 1498 1458 1525 ‚
1499 1479 1661 1525 quum
1699 1465 1808 1526 ipso
1849 1464 2131 1528 Imperator
2162 1483 2261 1530 per
2297 1469 2452 1531 leqem

442 1556 717 1617 imperium
751 1555 989 1617 accipiat.
1026 1551 1345 1602 Difficultates
1364 1588 1380 1615 ,
1415 1551 1598 1615 quibus
1625 1553 1775 1601 etiam
1810 1569 1946 1603 nunc
1973 1560 2074 1604 eota
2106 1556 2167 1604 do
2199 1556 2303 1621 ὥρα
2325 1561 2465 1621 reqia

443 1647 656 1707 quoestio
676 1644 888 1704 laboret,
918 1642 1048 1691 idem
1070 1642 1297 1691 Baubold
1317 1678 1334 1704 ,
1363 1642 1425 1689 ab
1445 1641 1652 1703 lingone
1677 1642 1888 1698 (Gesclo.
1918 1644 1971 1691 d.
2001 1642 2161 1693 Ram.
2180 1644 2250 1695 R.
2270 1661 2322 1710 p.
2342 1646 2466 1694 520-

443 1732 528 1780 23.
553 1732 633 1780 ed.
658 1732 731 1797 8.)
755 1731 965 1779 strictim
991 1746 1095 1779 esse
1117 1731 1386 1796 expositas,
1410 1735 1596 1778 monet.
1623 1730 1807 1796 Nempe
1835 1731 1919 1780 hic
1940 1746 2141 1795 quoque
2173 1748 2346 1782 vereor
2367 1770 2382 1798 ‚
2409 1740 2469 1784 ut

442 1824 557 1872 satis
575 1821 795 1871 caverint
810 1822 905 1869 viri
930 1822 1064 1870 docti
1078 1857 1097 1886 ,
1117 1838 1181 1871 ne
1199 1858 1215 1885 ,
1239 1821 1301 1869 de
1323 1837 1378 1869 re
1412 1821 1773 1870 consentientes
1792 1859 1808 1885 ,
1831 1821 1894 1870 de
1927 1822 2079 1871 verbo
2110 1822 2380 1886 litigarent.
2400 1849 2466 1864 --

442 1911 496 1978 5)
514 1913 575 1961 V.
607 1913 754 1961 Hein.
781 1912 930 1975 Synt.
964 1912 989 1961 1
1011 1950 1028 1976 ‚
1061 1913 1122 1976 2,
1155 1911 1308 1976 (ta-⁷,
1338 1911 1463 1975 ibiq.
1496 1912 1663 1962 Haub.
1686 1911 1993 1977 Epion-isin,
2014 1918 2066 1961 et
2085 1912 2243 1976 ejusd.
2270 1912 2465 1962 Inscite.

442 2002 499 2052 J.
522 2002 592 2054 R.
613 2004 764 2053 amr.
797 2019 849 2067 p.
879 2001 976 2052 253
994 2038 1010 2066 ,
1033 2002 1343 2072 neimflm.
1362 2002 1484 2052 ιω.
1508 2002 1660 2053 Rom.
1693 2002 1732 2050 1.
1758 2001 1783 2051 ι
1802 2039 1819 2065 ,
1841 2000 1887 2070 §-
1911 2001 2032 2066 169,
2050 2001 2185 2052 nauh
2206 2001 2348 2053 Hm.
2366 2002 2465 2052 Ju-
2516 1988 2522 1994 “

445 2094 601 2158 rispr.
619 2092 657 2141 l.
684 2091 718 2140 ὅ
735 2127 752 2154 ,
775 2107 824 2140 o.
852 2091 875 2140 1
899 2127 915 2155 ,
937 2088 982 2159 3.
1005 2090 1039 2139 ὅ
1056 2127 1074 2156 ,
1094 2091 1237 2154 nugo
1253 2087 1300 2158 3.
1316 2090 1432 2141 277.
1457 2088 1775 2155 pag.520-25
1791 2089 1872 2139 ed.
1890 2088 1943 2138 8.

535 2210 686 2273 221.
733 2209 872 2293 Ipsa
916 2217 1125 2271 autem
1159 2206 1304 2290 jura
1326 2255 1343 2289 ,
1380 2208 1554 2293 queis
1579 2254 1597 2287 ,
1639 2216 1844 2291 postea
1877 2206 2059 2269 latius
2085 2201 2311 2291 'usque
2344 2226 2464 2270 ex—

446 2332 616 2386 tensa
640 2367 663 2402 ‚
703 2321 879 2385 initio
923 2319 1255 2405 composita
1312 2330 1400 2383 est
1459 2319 1767 2384 Caesarum
1815 2318 1930 2384 sub
1981 2317 2285 2403 Principis
2337 2342 2465 2383 no-

448 2439 619 2502 mine
652 2434 716 2522 1)
750 2434 1083 2499 dominatio
1108 2483 1125 2517 ,
1156 2435 1223 2497 in
1254 2436 1605 2520 Augustum
1637 2481 1655 2516 ,
1682 2433 1904 2519 partim
1937 2434 2006 2498 in
2056 2433 2257 2517 majus
2284 2446 2465 2500 aucta

442 2560 768 2637 potestate,
801 2549 1100 2635 congestis
1126 2549 1336 2613 liberae
1357 2548 1615 2613 civitatis
1637 2548 2001 2613 muneribus
2024 2596 2041 2631 ,
2064 2546 2196 2612 haec
2219 2549 2345 2614 sere
2372 2549 2466 2613 in-

441 2665 778 2730 veniuntur
809 2712 826 2746 ,
848 2663 1185 2729 consularis
1211 2662 1441 2728 scilicet
1475 2674 1536 2727 et
1565 2662 1887 2728 tribunitia
1921 2673 2217 2749 potestas,
2258 2663 2462 2748 impe-

443 2779 607 2844 rium
631 2827 648 2861 ,
697 2778 1196 2863 proconsulatus,
1236 2778 1597 2863 praefectura
1648 2799 1895 2842 morum
1918 2827 1935 2861 ,
1976 2787 2039 2842 et
2077 2777 2465 2863 pontificatus

445 2893 764 2957 maximus.
837 2892 1235 2958 Consularem
1282 2902 1639 2978 potestatem
1665 2941 1682 2975 ‚
1724 2903 1889 2957 certe
1937 2893 2041 2976 jus
2081 2891 2158 2956 de
2203 2892 2464 2978 quibus—

443 3028 691 3095 cunque
742 2992 928 3072 rebus
971 3005 1281 3072 referendi
1304 3055 1322 3089 ,
1387 3006 1706 3093 Augustus
1740 3053 1759 3089 ‚
1822 3028 1933 3093 per
1989 3006 2213 3070 multos
2268 3026 2462 3070 annos

441 3120 762 3183 consulatu
785 3120 1035 3185 functus
1055 3167 1072 3201 ,
1123 3128 1494 3203 perpetuum
1521 3117 1758 3203 accepit
1784 3113 1894 3205 2),
1942 3115 2309 3181 Consulibus
2347 3114 2464 3178 ad-

442 3233 888 3309 ministratione
917 3231 1116 3318 magis
1142 3280 1159 3313 ,
1204 3252 1393 3318 quam
1430 3240 1720 3316 potestate
1752 3230 1979 3295 relicta.
2030 3228 2293 3294 Tametsi
2334 3249 2463 3292 non

443 3369 659 3430 parum
686 3347 943 3412 obscura
967 3345 1101 3411 haec
1125 3346 1377 3432 quaestio
1402 3343 1662 3411 videtur.
1694 3343 2006 3410 Potestatis
2028 3354 2237 3409 autem
2259 3342 2464 3410 tribu-

441 3461 608 3526 nitiae
632 3509 649 3543 ,
691 3481 879 3547 quam
919 3460 975 3524 J.
1031 3458 1279 3524 Caesaris
1315 3460 1591 3543 exemplo
1621 3460 1934 3542 Augustus
1961 3467 2318 3542 perpetuam
2348 3456 2464 3519 sibi

440 3573 520 3638 ab
557 3597 612 3640 a.
645 3576 799 3639 731.
827 3572 1157 3637 vindicavit
1180 3568 1287 3659 3),
1317 3594 1353 3636 e
1385 3583 1618 3637 vetusto
1659 3571 1919 3637 civitatis
1957 3571 2234 3635 instituto
2267 3592 2336 3634 ea
2375 3569 2465 3632 vis

441 3688 510 3751 in
542 3689 933 3776 Principibus
969 3688 1091 3753 fuit
1115 3736 1134 3772 ,
1181 3698 1253 3753 ut
1278 3696 1560 3753 senatum
1597 3685 2023 3773 populumque
2044 3705 2423 3771 congregare
2445 3731 2463 3766 ,

440 3822 588 3866 cum
625 3814 888 3890 utroque
925 3825 1146 3889 agere,
1201 3814 1271 3867 ut
1322 3800 1401 3867 ad
1440 3823 1540 3866 eos
1559 3848 1576 3883 ,
1637 3809 1933 3886 tanquam
1984 3796 2064 3865 ad
2122 3797 2420 3884 populum
2445 3844 2466 3881 ‚

441 3913 737 3998 adpellari
766 3929 976 3982 contra
1004 3916 1392 4002 magistratus
1409 3964 1427 3998 ‚
1469 3926 1539 3978 ut
1563 3912 1854 3998 judicum
1879 3912 2206 3978 sententias
2230 3912 2467 3978 rescin-

444 4024 623 4109 dere,
654 4038 715 4091 et
740 4041 981 4095 senatus
1008 4030 1265 4096 decretis
1293 4028 1675 4097 intercedere
1705 4038 1985 4113 possent,
2017 4026 2329 4115 iidemque
2351 4075 2369 4111 ‚
2394 4037 2468 4091 ut

444 4141 703 4209 Tribuni
743 4144 937 4231 plebis
968 4194 986 4229 ,
1048 4146 1259 4233 populi
1298 4144 1543 4229 jurium
1595 4143 1942 4213 defensores
1993 4153 2054 4211 et
2098 4140 2466 4211 socrosaneti
