3111 4829
1233 367 1259 452 (
1299 365 1415 428 463
1454 368 1482 450 )

349 491 618 560 dextram
643 494 803 564 imus
820 545 839 581 ‚
868 497 937 563 iu
979 494 1183 562 medio
1210 496 1451 562 medius
1486 493 1595 586 12)
1620 544 1639 582 ,
1661 498 1994 564 consularis
2021 497 2103 565 ab
2129 496 2366 568 honoro

351 607 551 673 dictus
577 607 707 697 13).
735 611 893 676 Hinc
920 612 1171 676 triclinii
1195 610 1401 702 (naim)
1428 634 1651 676 nomen
1676 635 1711 678 a
1734 614 1961 678 Graecis
1982 625 2367 697 mutuatum,

352 723 430 788 de
466 725 810 789 coenatione
855 726 1036 789 simul
1089 738 1150 789 et
1195 748 1403 790 mensa
1450 713 1743 813 lectisque
1794 739 2153 812 usurpatum
2211 725 2362 815 14):

350 837 615 903 triclinia
648 850 933 925 argentea
956 888 973 923 ,
1012 838 1349 905 testudinea
1374 888 1392 924 ,
1439 850 1620 905 strata
1642 864 1661 925 3
1723 838 2209 924 tricliniarchus‚
2250 841 2368 903 tri-

353 949 686 1017 cliniarius.

419 1109 471 1164 1)
488 1108 551 1158 V.
567 1108 675 1159 Liv.
695 1109 778 1173 54,
804 1110 1115 1177 1‚sqq.—2)
1140 1112 1215 1160 Cf.
1235 1110 1451 1160 Macrob.
1476 1110 1527 1175 2,
1553 1111 1634 1171 15,
1654 1110 1781 1159 Gen.
1798 1109 1849 1174 2,
1869 1109 1950 1159 24.
1968 1109 2031 1159 V.
2054 1109 2221 1160 Maior.
2242 1127 2293 1175 p.
2313 1108 2367 1176 2,

353 1211 407 1262 p.
445 1197 557 1247 115.
582 1213 693 1262 sqq.
716 1227 775 1235 -
794 1199 846 1260 5)
883 1200 960 1250 Cf.
989 1201 1160 1249 Creuz.
1197 1197 1242 1269 §.
1280 1199 1395 1247 285.
1415 1226 1478 1237 -
1500 1198 1550 1263 4)
1590 1199 1663 1247 Cf.
1688 1199 1817 1247 Ptin.
1858 1199 1946 1260 10,
1969 1195 2051 1247 50.
2072 1225 2134 1238 -
2159 1200 2210 1258 5)
2247 1200 2368 1250 Tac.

355 1289 498 1337 Anu.
519 1286 580 1349 5,
605 1288 687 1337 52.
714 1305 824 1353 sqq.
845 1315 889 1327 —
929 1291 981 1354 6)
1007 1290 1084 1338 Cf.
1107 1291 1287 1338 Juven.
1311 1289 1341 1337 7
1358 1325 1372 1351 ,
1400 1288 1491 1338 185
1508 1326 1522 1351 ,
1545 1289 1688 1336 Mart.
1708 1289 1758 1350 2,
1784 1287 1847 1337 50
1865 1326 1880 1351 ,
1904 1285 2071 1337 ubido
2090 1289 2231 1350 Mica,
2257 1305 2372 1352 quae

358 1376 484 1425 1Ιίοι
508 1377 671 1426 Aurea
690 1394 770 1443 ap.
798 1379 856 1427 P.
876 1378 1008 1428 vict.
1045 1384 1095 1428 et
1117 1380 1243 1427 Sext.
1268 1378 1384 1427 Rus.
1403 1415 1418 1441 ‚
1440 1394 1611 1442 parva,
1637 1377 1769 1426 unde
1803 1393 1983 1426 nomen
2003 1415 2018 1440 ‚
2043 1378 2242 1427 sortasse
2269 1379 2373 1427 Do·-

357 1467 546 1515 mitiani
566 1504 582 1531 ‚
607 1484 767 1517 coena.
788 1496 852 1508 —
871 1469 923 1521 7,
947 1470 1104 1519 Varro
1126 1472 1186 1518 de
1219 1469 1281 1517 L.
1314 1469 1375 1518 L.
1403 1467 1462 1531 4,
1491 1485 1603 1532 pag.
1629 1466 1722 1528 50,
1758 1468 1850 1516 ubi
1879 1467 2139 1516 coenabant
2156 1504 2171 1530 ‚
2208 1485 2375 1518 coena-

356 1559 530 1605 culum
554 1560 825 1622 vocabant,
872 1564 968 1608 etc.
987 1586 1050 1597 -
1072 1559 1124 1622 8)
1149 1558 1224 1607 Cf.
1251 1559 1367 1606 Hor.
1393 1557 1504 1621 Ep.
1533 1557 1557 1606 1
1582 1594 1597 1620 ‚
1647 1558 1668 1606 1
1693 1594 1708 1620 ,
1747 1557 1804 1605 91
1830 1594 1845 1618 ,
1870 1557 2049 1605 Juven.
2088 1553 2148 1606 10
2165 1593 2182 1620 ,
2208 1557 2288 1607 18.
2310 1583 2372 1593 —·

356 1644 408 1709 0)
437 1645 511 1694 Cf.
538 1646 715 1695 Heind.
741 1647 803 1695 ad
843 1649 962 1696 Hor.
986 1647 1094 1697 Sat.
1123 1647 1145 1696 1
1170 1683 1185 1710 ‚
1211 1646 1243 1694 5
1261 1683 1276 1709 ,
1315 1647 1394 1695 15.
1416 1647 1489 1694 Cf.
1513 1647 1656 1694 Mart.
1684 1646 1707 1695 1
1732 1683 1747 1709 ,
1770 1646 1883 1695 157.
1902 1675 1963 1685 —-
1988 1648 2068 1708 10)
2093 1647 2196 1695 Cic.
2223 1646 2374 1696 Verr-

355 1735 422 1796 4,
456 1737 508 1787 7.
557 1736 728 1802 -11)
755 1737 891 1785 Pers.
918 1737 982 1800 1,
1025 1735 1108 1786 53.
1131 1735 1302 1800 -12)
1338 1736 1412 1782 Cs.
1452 1735 1573 1784 Hor.
1600 1735 1710 1786 Sue.
1736 1736 1757 1784 1
1783 1772 1799 1798 ,
1828 1734 1887 1797 4,
1924 1735 2016 1798 86,
2043 1736 2238 1800 Ep.1‚
2268 1737 2327 1785 18
2354 1772 2373 1801 ‚

360 1822 440 1872 10.
462 1852 526 1864 -
551 1826 633 1889 15)
661 1826 723 1872 V.
749 1825 951 1873 Salmas.
975 1823 1036 1871 ad
1061 1824 1213 1871 Solin.
1237 1838 1288 1887 p.
1319 1823 1416 1872 886
1437 1859 1452 1885 ,
1475 1823 1656 1872 Heind.
1679 1824 1742 1871 ad
1765 1825 1885 1886 Hor,
1910 1825 2019 1874 Sal.
2040 1824 2090 1887 2,
2115 1824 2146 1874 4
2165 1863 2180 1888 ,
2204 1824 2288 1874 20.
2309 1849 2376 1864 --

361 1914 443 1977 14)
468 1915 543 1964 Cf.
567 1916 672 1964 cic.
696 1917 895 1965 adAu.
923 1914 1019 1976 15,
1046 1913 1145 1978 52,
1172 1912 1322 1962 Verr.
1346 1913 1414 1976 5,
1438 1912 1537 1978 25,
1562 1913 1799 1964 vars-odo
1822 1914 1891 1964 R.
1914 1913 2071 1978 R.3,
2100 1914 2180 1963 15.

451 2058 602 2120 469.
652 2054 1090 2118 Tricliniorum
1141 2051 1617 2136 magnificentiae
1682 2064 1930 2117 ornatus
1975 2052 2378 2138 respondebat

362 2188 586 2230 mensae
615 2167 909 2250 supellex,
941 2165 1070 2246 vel,
1102 2165 1150 2226 si
1182 2164 1320 2249 quis
1349 2165 1635 2247 mavult,
1677 2186 1845 2229 arma
1895 2166 2228 2230 convivalia
2265 2165 2372 2253 1),

359 2279 424 2342 in
469 2278 661 2364 iisque
686 2298 963 2340 vasorum
984 2323 1000 2356 ,
1030 2276 1190 2338 inter
1214 2296 1351 2360 quae
1384 2297 1664 2361 gemmea
1684 2325 1701 2359 ,
1730 2276 1917 2341 vitrea
1937 2326 1956 2361 ‚
1985 2279 2328 2364 crystallina
2352 2326 2374 2364 ‚

361 2391 710 2485 myrrhina,
741 2394 799 2478 §.
839 2392 998 2472 432,
1033 2389 1382 2473 Corinthia,
1429 2401 1489 2455 et
1528 2390 1789 2457 aliorum
1833 2401 1894 2455 et
1942 2371 2377 2480 potatoriorum

363 2507 664 2593 splendor,
694 2508 1033 2592 ingensque
1057 2528 1092 2568 a
1123 2504 1394 2588 materie,
1416 2504 1496 2567 ab
1522 2516 1652 2568 arte
1674 2553 1691 2587 ‚
1720 2505 1815 2568 vel
1839 2504 1917 2569 ab
1948 2516 2205 2592 utraque
2233 2529 2379 2592 pre-

359 2623 556 2706 tium3
600 2622 676 2687 do
723 2644 846 2709 quo
884 2621 976 2685 vix
1020 2618 1335 2689 credibilia
1379 2631 1609 2684 veteres
1652 2631 1921 2685 narrant.
1968 2620 2377 2706 Turpissimus

362 2748 606 2824 propter
633 2759 908 2802 mensam
941 2734 1326 2821 scaphiorum
1354 2734 1668 2826 (matella,
1700 2733 2014 2823 lasanum)
2042 2714 2225 2820 usus,
2255 2759 2378 2823 quo

363 2853 625 2937 pertinet
673 2851 877 2936 digitis
940 2872 1306 2935 concrepare
1332 2898 1349 2933 ,
1393 2860 1509 2914 ete.
1570 2846 1672 2936 2).
1728 2848 1804 2911 In
1863 2849 2097 2935 reliquo
2160 2862 2382 2916 ornatu

364 2985 603 3049 mappae
631 2961 728 3050 3),
760 2942 1022 3049 gausape
1050 2960 1135 3050 4).
1168 2963 1519 3027 Occurrunt
1542 2973 1602 3025 et
1632 2961 1969 3026 cochlearia
1988 3010 2004 3043 ,
2036 2962 2140 3027 sed
2164 2985 2343 3048 parvo
2361 3011 2384 3046 ,

365 3079 581 3165 opinor
602 3127 620 3160 ,
649 3080 831 3142 etiam
877 3080 942 3142 iu
972 3079 1260 3141 conviviis
1301 3101 1424 3142 usu.
1454 3076 1563 3165 5),
1609 3099 1731 3163 quo
1758 3077 2017 3141 trahitur
2052 3078 2242 3164 ligula
2288 3076 2381 3166 6).

370 3192 773 3258 convivarum
822 3192 889 3256 in
937 3191 1228 3276 adparatu
1275 3192 1451 3255 vestis
1477 3191 1807 3255 coenatoria
1859 3188 1971 3278 7),
2018 3190 2380 3273 comatoria,

368 3325 451 3369 sc.
485 3304 838 3368 vestimenta
869 3300 937 3391 8)
965 3352 982 3387 ,
1023 3301 1316 3391 synthesie
1346 3299 1434 3389 9).
1470 3302 1676 3366 Soleas
1706 3313 1869 3367 extra
1908 3303 2247 3367 triclinium
2274 3326 2387 3367 re·-

366 3418 538 3483 lictas
585 3440 710 3481 esse
736 3466 753 3499 ‚
785 3418 1084 3504 colligunt
1112 3439 1146 3480 e
1179 3416 1374 3481 mant.
1418 3415 1616 3481 Truc.
1650 3417 1711 3481 11
1733 3466 1750 3499 ‚
1784 3418 1821 3479 4
1845 3465 1863 3500 ,
1901 3418 1979 3481 16
2005 3464 2023 3500 ,
2049 3417 2194 3481 Hor.
2238 3412 2383 3482 Sat.

366 3532 463 3614 11,
494 3537 565 3614 8,
605 3533 724 3614 77,
752 3531 927 3596 Mart.
954 3531 1053 3613 Π,
1096 3532 1178 3592 50
1202 3579 1220 3613 ,
1266 3535 1326 3596 3.
1356 3530 1708 3594 Potantibus
1746 3531 1993 3594 solenne
2033 3542 2218 3616 caput
2261 3552 2388 3594 un-

372 3647 614 3733 guentis
634 3695 652 3730 ,
683 3644 970 3711 odoribus
992 3694 1008 3727 ,
1040 3644 1135 3735 (§.
1175 3640 1366 3731 455.)
1407 3643 1807 3730 perfundere,
1857 3643 2073 3708 fronde
2097 3644 2387 3708 floribus-

371 3781 492 3847 quo
528 3754 817 3824 coronare
868 3756 997 3846 10).
1048 3758 1144 3823 Ad
1178 3780 1454 3823 mensam
1498 3759 1721 3843 vulgo,
1760 3757 2037 3844 quamvis
2080 3756 2339 3822 dubium
2363 3807 2384 3843 ‚

372 3896 453 3939 an
481 3874 883 3940 vetustissimo
914 3885 1186 3960 tempore
1222 3868 1369 3961 11),
1407 3872 1710 3959 jacuisse,
1744 3882 1814 3936 ut
1850 3872 2092 3936 Groecos
2126 3872 2270 3962 12),
2299 3874 2399 3939 εἰειΙ

372 3988 681 4055 Romanos
702 4036 721 4074 ‚
767 4000 1004 4058 notum.
1041 3986 1138 4059 Ad
1187 4009 1316 4054 rem
1365 3987 1549 4054 verba
1593 3986 1931 4073 accubare,
1974 3987 2339 4055 accumbere
2363 4036 2383 4075 ,
