3111 4829
1539 348 1793 431 (392)

652 496 704 529 ο.
735 479 830 543 11,-
863 481 1065 546 Hegew.
1098 498 1152 548 p.
1182 483 1296 534 199.
1317 511 1380 522 -
1405 484 1457 558 5)
1484 484 1554 533 De
1582 501 1703 533 auro
1733 487 1991 536 coronario
2013 503 2065 536 v.
2105 485 2155 554 §.
2192 486 2310 538 250.
2332 513 2398 530 -
2418 489 2471 552 6)
2494 488 2559 537 V.
2582 489 2677 561 Dio

650 570 782 619 cass.
804 571 1012 637 55,15,
1037 572 1307 638 56,1-10,
1332 571 1453 622 Tae.
1473 577 1616 623 Amt-
1634 569 1694 639 3,
1717 575 1781 625 25
1799 582 1849 625 et
1870 577 1933 626 28
1954 614 1969 639 ,
1994 575 2097 645 Caj.
2123 579 2184 644 2,
2211 578 2298 628 111
2326 584 2378 627 et
2403 578 2527 645 144,
2548 581 2674 631 Hor.

651 659 710 708 C.
729 661 786 713 S.
810 655 892 711 17.

741 803 891 866 392.
942 804 1087 867 Haec
1132 803 1246 867 sub
1278 803 1695 889 Diocletiano,
1735 816 1805 868 ut
1854 806 2036 892 vulgo
2081 805 2467 890 existimant,
2510 808 2678 873 inci-

648 917 861 1003 piens,
892 939 928 980 a
978 918 1372 982 Constantino
1410 929 1616 982 autem
1665 919 1974 1004 perfecta,
2008 942 2079 983 ex
2129 942 2320 984 censu
2367 921 2678 987 tributum

649 1031 769 1094 fuit
794 1079 810 1112 ,
852 1031 1196 1115 perscriptis
1239 1051 1348 1117 per
1395 1031 1721 1096 censitores
1770 1032 1999 1096 civium
2024 1081 2041 1115 ,
2086 1043 2157 1096 ut
2192 1034 2258 1097 in
2297 1052 2486 1098 censu
2525 1036 2677 1099 Ser-

648 1145 860 1227 viano,
899 1142 1105 1208 fundis
1125 1194 1143 1229 ,
1168 1145 1533 1230 pecudibus,
1570 1141 1783 1228 serviS,
1807 1157 1866 1210 et
1887 1146 2282 1211 aestimatione
2312 1146 2675 1235 quindecim

647 1279 958 1322 annorum
992 1258 1305 1324 intervallo
1345 1261 1596 1345 repetita
1617 1309 1633 1342 ‚
1664 1258 2006 1324 secundum
2036 1283 2224 1348 quam
2255 1262 2517 1347 singulis
2545 1285 2676 1327 an—

646 1370 745 1433 nis
792 1370 1019 1456 singuli
1057 1370 1358 1434 tributum
1401 1372 1787 1456 pendebant,
1831 1393 2069 1435 summa
2117 1374 2504 1438 fortunarum
2542 1398 2672 1439 cu·-

642 1475 836 1569 jusvis
871 1483 1197 1570 provinciae
1229 1487 1497 1570 capitum
1520 1534 1536 1567 ,
1570 1483 1919 1571 imaginarii
1958 1506 2212 1570 census,
2256 1508 2518 1552 numero
2556 1487 2673 1552 de·-
2743 1564 2760 1577 .

646 1600 820 1666 finita
846 1650 863 1684 ,
897 1597 1007 1688 qui
1036 1622 1332 1664 numerus
1362 1597 1427 1663 in
1458 1598 1785 1685 provinciae
1816 1609 2016 1683 partes
2040 1599 2336 1682 majores,
2375 1623 2445 1664 ex
2470 1599 2567 1665 his
2605 1601 2675 1666 in

646 1717 956 1797 minores,
997 1725 1298 1802 postremo
1346 1715 1413 1777 in
1452 1708 1672 1798 oppida
1714 1729 2025 1798 pagosque
2083 1717 2143 1775 et
2198 1712 2472 1799 singulos
2516 1710 2679 1781 cives

649 1823 1085 1918 (collatores),
1131 1848 1238 1911 pro
1296 1847 1436 1889 vero
1479 1824 1746 1907 cujusvis
1790 1846 1979 1889 censu
2029 1823 2455 1911 dividebatur,
2502 1849 2680 1894 uno-

647 1965 894 2030 quoque
935 1965 971 2007 e
1012 1942 1282 2027 capitum
1306 1990 1322 2023 ‚
1361 1962 1499 2027 quae
1524 1940 1789 2004 habebat
1812 1989 1828 2022 ,
1860 1961 2120 2004 numero
2149 1952 2257 2005 aut
2298 1942 2569 2028 partibus
2592 1943 2677 2007 ad

646 2078 954 2121 summam
1005 2055 1112 2119 toti
1157 2053 1483 2140 provinciae
1528 2054 1876 2139 impositam
1926 2054 2322 2138 conserente3
2363 2078 2485 2143 quo
2532 2068 2677 2121 tra—

642 2167 899 2233 huntur
934 2166 1260 2249 tabularii,
1326 2177 1630 2231 exactores
1655 2215 1673 2249 ,
1743 2177 2152 2251 susceptores,
2201 2167 2678 2265 ponderatores,

643 2301 997 2364 mensoreS,
1046 2292 1141 2346 etc
1213 2281 1423 2366 Ipsum
1475 2280 1777 2344 tributum
1834 2290 2133 2343 autumno
2187 2281 2446 2368 singulis
2499 2283 2679 2347 annis

645 2395 845 2477 edicto
879 2395 957 2460 ab
985 2396 1357 2480 Imperatore
1384 2394 1628 2459 rubrica
1660 2373 2442 2479 subscriptoindicebatur
2455 2444 2480 2473 ,
2505 2395 2675 2462 unde

644 2508 875 2577 nomen
929 2509 1219 2591 indicti03
1259 2507 1445 2594 idque
1494 2507 1902 2587 vocabulum,
1937 2517 2004 2570 ut
2041 2508 2304 2572 lustrum
2351 2508 2429 2573 de
2475 2512 2682 2597 quin-

646 2626 922 2712 quenni,
970 2624 1046 2688 de
1089 2622 1445 2711 quindecim
1494 2644 1800 2687 annorum
1851 2623 2081 2707 spatio,
2126 2619 2199 2685 in
2251 2623 2429 2687 annis
2487 2625 2679 2689 etiam

542 2756 547 2761 “
646 2737 993 2803 indicandis
1025 2749 1423 2824 usurpatum,
1460 2736 1540 2802 ob
1565 2759 1831 2825 ,eamque
1865 2759 1995 2801 rem
2028 2738 2096 2801 in
2132 2737 2380 2825 periodo
2421 2737 2674 2807 Juliana

648 2873 794 2917 cum
838 2851 1023 2939 cyclis
1060 2851 1197 2915 solis
1241 2861 1302 2915 et
1337 2850 1501 2914 lunae
1541 2850 1948 2935 conjunctum
1984 2848 2068 2938 1).

736 2963 1022 3029 Lustralis
1060 2963 1340 3047 collatio,
1385 2985 1522 3051 quae
1589 2963 1868 3026 aurarius
1930 2986 2179 3051 quoque
2223 2987 2421 3032 canon
2460 2970 2573 3056 2),
2615 2978 2683 3033 et

646 3078 887 3143 auraria
923 3076 1239 3163 pensitatio
1270 3073 1384 3163 3),
1411 3076 1506 3140 vel
1547 3074 2183 3161 simpliciter-auraria
2225 3074 2325 3166 4),
2363 3090 2425 3143 et
2465 3101 2678 3167 groeco

646 3190 940 3256 vocabulo
981 3189 1449 3278 chrysargyrum
1478 3238 1494 3271 ,
1524 3188 1788 3253 lustralis
1829 3199 2040 3254 autem
2081 3214 2118 3255 a
2158 3193 2346 3257 lustro
2372 3242 2390 3277 ,
2433 3193 2538 3257 sed
2569 3193 2680 3260 hic

647 3301 1014 3390 quadrienni
1057 3301 1147 3392 (§.
1190 3298 1380 3388 145.)
1407 3349 1424 3382 ,
1469 3299 1661 3384 dicta,
1694 3316 1907 3366 eorum
1954 3313 2122 3386 erat,
2165 3307 2284 3392 qui
2313 3310 2679 3392 pecuniam

645 3418 721 3481 in
772 3419 1250 3479 conversatione
1312 3414 1685 3490 habebant,
1737 3435 1882 3478 cum
1932 3417 2373 3482 mercatoribus
2426 3418 2680 3503 opifices

646 3531 854 3612 etiam,
884 3528 1174 3614 exceptis,
1206 3531 1323 3616 qui
1348 3550 1554 3591 marm
1589 3531 1796 3592 vitam
1822 3531 2189 3606 rimantur,
2223 3542 2324 3612 et,
2353 3530 2516 3619 quod
2532 3543 2684 3598 ’tur-

644 3645 1003 3732 pissimum,
1040 3641 1439 3707 meretricum
1470 3651 1805 3728 quaestum,
1836 3642 2138 3707 tributum
2180 3646 2531 3711 animarum
2563 3643 2634 3735 5)
2663 3696 2685 3731 ,

647 3758 1074 3843 complectens.

714 3893 764 3952 1)
788 3893 852 3942 V.
876 3896 1079 3957 llegew.
1104 3911 1156 3960 p.
1180 3893 1296 3943 273.
1329 3911 1441 3960 sqq.
1462 3922 1525 3935 -
1542 3896 1600 3962 2)
1624 3897 1746 3947 Cod.
1780 3896 1920 3947 June.
1953 3898 2015 3946 10
2032 3934 2052 3965 ,
2076 3895 2140 3948 ⁴7
2157 3935 2174 3962 ‚
2199 3898 2281 3948 10.
2303 3931 2364 3940 -
2384 3896 2437 3963 3)
2473 3902 2554 3951 lb.
2583 3900 2640 3951 11
2660 3941 2680 3968 ,

646 3982 742 4046 61,
766 3983 894 4030 2.-
918 3984 968 4048 4)
996 3986 1116 4035 Coa.
1140 3985 1335 4034 Theod.
1359 3985 1453 4052 12,
1478 3986 1539 4052 6,
1571 3985 1654 4035 29.
1676 4013 1738 4026 —
1761 3980 1813 4051 5,
1839 3986 1901 4036 V.
1927 3988 2034 4037 Zos.
2059 3988 2125 4056 2,
2149 3987 2246 4055 58,
2276 3990 2456 4057 Euagr.
2479 3989 2546 4057 ὅ,
2578 3991 2646 4041 40
2666 4029 2685 4059 ,

647 4071 770 4138 Lyd.
795 4070 826 4121 ὅ
847 4109 862 4137 ,
888 4072 983 4139 47,
1008 4074 1175 4123 Burni.
1201 4090 1254 4140 p.
1272 4076 1388 4125 2⁰6.
