3111 4829
1375 374 1628 459 (⁴29)

942 679 945 682 2
978 656 1218 702 nm!
1261 655 1420 700 um)
1463 654 1757 702 Bomos
1799 655 2014 702 umo-

585 874 731 937 430.
781 869 1151 958 Disciplinis'
1188 873 1493 959 plerisque
1557 871 1874 966 inferiores
1941 864 2167 938 Graecis
2233 873 2503 940 Romani

487 982 585 1074 (§.
616 984 804 1074 417.)
827 1035 843 1071 ‚
868 987 1138 1069 artium,
1162 1009 1313 1073 quas
1337 989 1593 1053 arctiore
1622 989 1782 1053 vocis
1812 1010 1992 1055 sensu
2019 1010 2302 1055 vocamus
2329 987 2505 1071 ,diu-

479 1096 610 1161 tius
645 1098 827 1163 etiam
869 1121 1055 1185 quam
1104 1098 1441 1163 litterarum
1488 1098 1670 1163 rudes
1707 1101 2110 1165 inveniuntur
2158 1097 2243 1187 1).
2285 1100 2501 1186 Neque

481 1221 692 1278 tamen
712 1222 825 1280 aut
856 1212 1311 1298 architecturae,
1337 1213 1441 1305 (in
1468 1214 1698 1300 quibus
1735 1215 2094 1299 Capitolium
2121 1261 2138 1298 ,
2167 1213 2500 1301 aquaeduc-

476 1338 619 1410 tus,
661 1339 775 1394 etc.
796 1323 852 1414 ,)
892 1338 999 1391 aut
1025 1328 1298 1413 plastices
1327 1350 1506 1413 opera
1532 1329 1626 1392 vel
1658 1328 1771 1392 sub
1795 1328 2071 1414 Regibus
2103 1329 2372 1414 primove
2404 1331 2505 1394 tia

478 1439 731 1506 bertatis
794 1451 1062 1524 tempore
1117 1440 1511 1506 memoranda
1558 1440 1808 1508 defuere
1832 1490 1850 1524 ,
1903 1453 1964 1506 et
2016 1444 2291 1528 egregios
2343 1445 2497 1509 viros

482 1555 701 1619 statuis
721 1552 1044 1622 honoratos
1062 1555 1423 1640 accipimus;
1447 1577 1692 1639 verum,
1719 1565 1787 1620 ut
1811 1555 2132 1640 posteriore
2151 1603 2170 1639 ,
2195 1557 2287 1621 sio
2301 1558 2496 1642 magis

482 1669 589 1734 illa
607 1680 781 1735 aetate
804 1669 882 1740 ab
911 1669 1126 1734 exteris
1143 1717 1160 1751 ,
1183 1669 1451 1736 Etruscis
1468 1668 1802 1753 praesertim
1839 1678 1901 1734 et
1935 1668 2259 1754 Campanis
2286 1707 2303 1753 9
2326 1673 2490 1734 arti-

472 1783 631 1848 -fices
668 1786 1027 1868 petiverunt.
1074 1783 1399 1868 Postquam
1427 1793 1675 1864 autem,
1712 1782 1894 1872 latius
1916 1793 2158 1867 patente
2195 1783 2492 1868 imperio,

480 1896 751 1983 priscum
781 1919 1017 1962 morem
1045 1906 1181 1960 tum
1208 1917 1453 1981 quoque
1477 1904 1777 1959 servantes
1795 1944 1816 1977 ,
1845 1895 2123 1980 undique
2150 1906 2449 1960 terrarum
2470 1945 2491 1980 ,

466 2009 584 2073 -sed
622 2032 658 2074 a
700 2009 928 2073 Graecis
965 2009 1307 2092 praecipue‚
1341 2008 1722 2094 (Syracusis,
1775 2007 2097 2090 Corintho,
2119 2031 2155 2072 a
2187 2007 2483 2074 Mummio

468 2122 768 2207 spoliata,
798 2120 1149 2188 Macedonia
1187 2117 1283 2207 2),
1301 2130 1414 2185 etc.
1433 2116 1481 2205 ‚)
1510 2130 1571 2184 et
1593 2120 1733 2186 Asia
1755 2121 2077 2185 innumera
2101 2121 2326 2188 artium
2353 2142 2485 2185 mo-

468 2246 776 2298 -numenta
799 2282 817 2316 ,
841 2229 988 2298 {sive
1029 2233 1200 2316 urbi,
1242 2233 1401 2314 sive,
1426 2233 1592 2319 quod
1623 2235 1813 2298 serius
1848 2257 1966 2300 usu
1991 2235 2157 2298 venit
2183 2283 2199 2317 ‚
2243 2235 2483 2319 privatis

466 2346 751 2411 [aedificiis
777 2347 1069 2433 villisquef
1087 2344 1443 2410 decorandis
1465 2395 1482 2430 ‚
1521 2347 1785 2417 Romam
1814 2350 2178 2417 transtulere
2205 2347 2315 2438 3),
2352 2350 2484 2414 vic-

464 2462 669 2526 -toriae‘
695 2461 882 2547 spolia
904 2471 909 2475 ’
934 2463 1124 2548 vulgo
1148 2471 1630 2531 ¹ostentaverunt
1686 2463 1881 2548 magis
1904 2463 2249 2551 ‘miratique
2300 2476 2442 2530 sunt
2464 2514 2483 2549 ,

476 2597 663 2662 quam
697 2575 811 2660 ipsi
850 2584 1017 2641 artes
1046 2576 1407 2658 coluerunt,
1433 2574 1663 2643 Graecis
1687 2576 2022 2645 artificibus
2048 2576 2210 2649 hanc
2234 2578 2483 2645 laudem

463 2699 606 2753 tum
651 2711 896 2776 quoque
935 2690 1386 2776 relinquentes3
1423 2712 1686 2776 quorum
1732 2713 1954 2776 magna
2001 2694 2223 2783 Romae'
2251 2693 2436 2778 copia
2460 2740 2479 2777 ‚

458 2804 702 2891 quippe
742 2815 1049 2869 crescente
1096 2826 1289 2890 usque
1332 2804 1555 2869 artium
1590 2806 1711 2868 sive
1753 2826 1960 2870 amore
1996 2807 2119 2870 sive
2145 2806 2482 2891 jactantia,

473 2936 613 3002 quae
655 2916 768 2980 snb
795 2916 1124 2983 Caesaribus
1151 2914 1229 2979 ad
1267 2937 1580 2981 summum
1626 2936 1932 3001 progressa
1977 2918 2266 3001 luxuriae,
2310 2922 2483 3004 fora,

472 3027 701 3112 templa
720 3074 738 3109 ,
767 3027 1034 3111 porticus
1052 3075 1071 3108 ‚
1106 3028 1326 3108 circos,
1352 3026 1602 3117 theatra
1625 3075 1644 3108 ‚
1667 3050 1844 3092 arcus
1888 3031 2096 3094 statuis
2120 3079 2137 3113 ,
2183 3032 2478 3118 picturis,

474 3140 905 3228 pulcherrimis
942 3162 1013 3204 ex
1054 3141 1223 3204 omni
1260 3162 1482 3225 genere
1506 3141 1790 3225 operibus
1808 3143 2251 3234 ‚replevit3nec
2275 3146 2481 3212 minus

472 3256 877 3341 multiplicata
900 3253 1320 3343 architectura!
1340 3303 1357 3337 ‚
1380 3265 1439 3321 et
1462 3254 1525 3324 in
1550 3251 1646 3317 his
1669 3254 1930 3339 plurima
1951 3254 2263 3327 immensae
2285 3259 2483 3343 mulis,

473 3393 659 3458 quam
682 3368 867 3434 hodie
889 3369 1163 3454 reliquiae
1193 3379 1487 3434 testantur
1507 3417 1524 3451 ‚
1551 3369 1868 3437 miracula.

550 3485 731 3549 Inter
769 3494 927 3547 artes
965 3492 1171 3546 autem
1192 3531 1211 3564 ‚
1239 3504 1505 3568 quarum
1532 3504 1606 3547 ex
1637 3485 1912 3549 Romana
1943 3485 2303 3571 antiquitate
2331 3508 2480 3550 mo·-

448 3610 770 3664 ·numenta
796 3608 1115 3684 superant,
1141 3596 1551 3661 memorandae
1575 3598 1749 3662 nobis
1773 3598 2025 3663 veniunt
2043 3598 2443 3665 architectura
2458 3647 2479 3685 ‚

452 3713 706 3799 'pictura
730 3764 748 3797 ,
777 3724 837 3778 et
870 3713 1150 3799 plastice,
1179 3712 1389 3776 latiore
1419 3713 1579 3776 vocis
1609 3711 1775 3798 apud
1802 3714 2164 3777 recentiores
2194 3716 2475 3799 notione,

472 3849 596 3923 qua
645 3830 946 3919 glypticen
996 3840 1053 3893 et
1102 3828 1251 3894 huic
1302 3838 1695 3912 conjunctam
1744 3829 2196 3894 numismatices
2243 3841 2478 3916 partem

474 3965 718 4030 quoque
764 3946 1204 4032 complectitur.
1239 3945 1471 4009 Diversi
1497 3965 1741 4029 prorsus
1782 3940 2060 4031 generis,
2090 3944 2213 4012 hoe
2235 3943 2484 4033 potissi-

448 4079 647 4129 'mum
676 4058 807 4126 loco
834 4058 1172 4149 ponendae,
1201 4055 1436 4130 musica
1465 4068 1526 4126 et
1554 4059 1803 4127 mimica
1834 4069 2013 4130 artes.
