3111 4829
1539 349 1787 444 (U2nz)

667 482 1019 548 notitiarum
1047 480 1294 545 accessit
1318 528 1338 564 ‚
1364 481 1616 544 Joannis
1645 481 1957 546 Laurentii
1990 479 2142 569 Lydi
2169 479 2248 546 de
2290 480 2678 571 Magistra-

672 595 845 658 tibus
882 590 1325 657 Romanorum
1357 593 1736 680 reipublicoe
1770 596 2140 679 opusculum
2162 643 2180 678 ,
2207 596 2349 681 qui,
2378 595 2680 680 singulari

666 707 826 772 libro
868 705 947 776 de
992 707 1421 773 Praefectorum
1485 710 1770 772 Praetorio
1812 707 2256 794 adparitoribus
2325 728 2679 793 exponens,

672 823 867 887 multa
910 821 1095 886 etiam
1126 844 1270 886 cum
1307 823 1412 885 illo
1449 832 1812 908 argumento
1853 823 2186 907 conjuncta
2224 822 2489 908 attingit.
2523 824 2684 905 Νοε,

671 935 764 1001 rei
785 936 970 1000 etiam
990 957 1161 1000 nunc
1178 935 1448 1001 obscurae
1468 946 1528 1000 et
1549 938 1816 1001 confusae
1838 936 2295 1022 explicationem
2318 936 2687 1000 lectionibus

676 1057 979 1114 servantes
998 1094 1016 1129 ,
1048 1046 1149 1113 hic
1179 1058 1417 1113 tantum
1458 1050 1856 1135 proponimus
1877 1098 1895 1131 ,
1933 1059 2238 1135 quantum
2279 1070 2525 1114 necesse
2547 1098 2567 1133 ,
2605 1071 2687 1114 no

672 1160 856 1230 nudis
886 1160 1239 1227 nominibus
1264 1183 1553 1248 peragere
1580 1162 1835 1227 voluisse
1870 1162 2204 1228 videamur.

657 1344 663 1350 «
763 1299 916 1364 231.
965 1299 1304 1383 Imperium
1333 1300 1695 1364 Romanum
1726 1310 1987 1386 quatuor
2023 1300 2090 1364 in
2117 1301 2506 1386 praefecturas
2534 1297 2690 1364 divi-

674 1433 815 1477 sum
857 1421 1276 1497 mutatamque
1320 1412 1503 1476 simul
1530 1414 1964 1477 Praefoetorum
2005 1414 2291 1477 Praetorio
2329 1409 2688 1499 potestatem

677 1547 860 1610 supra
888 1525 1359 1589 memoravimus
1388 1522 1485 1615 (§.
1519 1527 1669 1591 225.
1688 1524 1749 1613 ):
1784 1547 1951 1613 quae,
1982 1526 2125 1608 etsi,
2154 1527 2413 1611 imperio
2439 1528 2691 1590 militari

679 1639 945 1723 aulaque
996 1636 1276 1701 detraotis
1327 1634 1441 1725 1),
1490 1638 1759 1701 multum
1804 1638 2175 1721 imminuta,
2219 1661 2445 1726 magna
2487 1651 2695 1705 tamen

682 1750 1010 1833 manebat,
1049 1751 1116 1813 in
1157 1750 1290 1813 aliis
1316 1771 1567 1814 cursum
1612 1751 1932 1836 publicum
1967 1761 2028 1814 et
2062 1751 2348 1835 fabricas,
2393 1774 2519 1817 non
2547 1774 2701 1816 me·-

678 1887 852 1947 mm,
890 1876 961 1927 ut
988 1864 1316 1928 -nonnullis
1362 1866 1602 1949 placere
1650 1863 1825 1928 video
1855 1861 1974 1951 2),
2017 1864 2509 1948 jurisdictionem
2547 1866 2701 1929 reti-

683 2000 868 2063 nens3
893 1977 1116 2065 quibus
1136 1965 1249 2041 sub
1273 1977 1531 2041 Arcadio
1557 1976 1831 2060 demum,
1852 1980 1917 2040 in
1942 1975 2198 2042 Oriente
2219 1988 2401 2061 certe,
2426 1978 2700 2063 spoliata,

682 2102 819 2156 tum
848 2114 1096 2180 quoque
1123 2103 1442 2158 sumtuum
1468 2094 1630 2157 circa
1655 2093 2040 2178 magistratus
2065 2093 2305 2177 aliaque
2326 2114 2538 2156 curam
2570 2114 2706 2155 ser-

662 2207 844 2271 ⁴vavit
886 2204 974 2295 3).
1022 2207 1178 2272 Cum
1224 2205 1392 2271 hisce
1427 2206 1868 2271 mutationibus
1913 2217 2185 2291 tompore
2215 2206 2342 2270 fere
2385 2206 2706 2292 congruit,

686 2343 878 2408 quam
901 2320 1192 2404 diximus,
1215 2321 1464 2403 Nuntia,
1483 2320 1656 2383 divisi
1682 2318 2001 2382 Theodosii
2027 2320 2360 2402 voluntate,
2380 2318 2708 2385 Orientalis

685 2436 915 2517 ,scilicet
936 2447 998 2499 et
1019 2433 1456 2517 occidentalia,
1479 2434 1733 2519 Imperii
1776 2434 2102 2520 dignitates
2137 2434 2494 2499 nominihus
2515 2483 2533 2518 ,
2579 2456 2705 2499 non

683 2548 995 2633 ,explicatis
1050 2548 1413 2611 muneribus
1437 2595 1454 2630 ,
1496 2548 1941 2632 complentem,
2007 2568 2275 2631 quorum
2316 2547 2383 2609 in
2439 2547 2706 2632 Imperio

688 2660 1024 2743 Orientali,
1047 2683 1231 2747 quam
1252 2660 1355 2726 hic
1383 2660 1635 2744 damus,
1661 2672 1721 2724 et
1736 2660 1946 2723 similis
1972 2660 2037 2722 in
2069 2657 2490 2742 Occidentali,
2520 2681 2713 2745 quam

689 2772 831 2837 ideo
855 2773 1160 2837 brevitatis
1184 2774 1373 2859 gratia
1397 2773 1768 2856 omittimu8‚
1793 2773 1973 2837 series
1997 2770 2078 2865 (v.
2116 2771 2177 2836 T
2176 2773 2308 2839 laec.
2344 2770 2557 2838 Graev.
2583 2775 2707 2846 vol.

688 2884 1502 2974 Nq1.p.1336.et1787.)

784 3012 1154 3101 Proefieotue
1182 3013 1500 3084 Praetorio
1536 3013 1847 3079 Orientis.

776 3125 1142 3216 ⁴Prwfiwtus·
1170 3127 1489 3193 Praetorio
1522 3125 1793 3214 Illyrici
1825 3127 1850 3215 (
1868 3130 1927 3214 §.
1970 3127 2104 3217 17.)

783 3240 1148 3329 Praefectus
1173 3241 1359 3307 urbis
1394 3238 2120 3328 Comtantinopolitanoe
2149 3240 2248 3330 (§.
2281 3240 2476 3330 224,)

787 3352 1118 3442 Maqv'stri
1155 3357 1444 3441 equitum
1486 3365 1549 3416 et
1580 3353 1881 3440 peditum
1921 3357 1995 3419 in
2036 3359 2351 3441 praeeanti
2386 3354 2555 3432 du03
2590 3355 2725 3420 alia·

703 3482 835 3540 tres
849 3515 874 3545 ,
907 3471 1198 3556 equitum
1230 3479 1294 3531 et
1315 3467 1616 3555 peditum
1643 3489 1767 3554 per
1804 3467 2177 3544 Orientem,
2208 3470 2494 3555 equitum
2525 3477 2591 3528 et
2607 3490 2724 3551 pe—

700 3581 913 3647 ditum
945 3604 1064 3675 per
1114 3579 1497 3657 Thracias,
1546 3584 1847 3669 equitum
1883 3592 1947 3647 ot
1978 3580 2271 3671 peditum
2314 3600 2438 3665 per
2478 3576 2723 3664 Illyri-

706 3718 875 3765 cum.

793 3808 1197 3898 Praepost’hu
1223 3813 1412 3879 sacri
1442 3810 1751 3875 cubiculi.

792 3919 1125 4009 Magister
1157 3924 1541 4009 officiorum.

805 4035 1105 4134 Quaeccor
1135 4036 1232 4124 (§.
1261 4034 1464 4123 214.)
