3111 4829
1463 320 1491 403 (
1533 318 1653 381 156
1697 316 1722 401 )

598 454 952 522 centuriatis
991 454 1254 520 comitiis
1288 452 1485 518 creari
1526 452 1793 538 potuisse
1816 502 1834 538 ‚
1878 451 2115 519 idoneis
2157 456 2447 543 exemplis
2483 479 2633 523 cum

592 569 878 635 Schulzio
902 569 1002 659 (p.
1045 571 1196 634 317.
1234 565 1407 656 sqq.)
1437 566 1777 654 colligeres,
1806 568 1900 633 De
1926 569 2401 635 Proconsulibus
2423 584 2635 637 autem

592 695 655 747 et
672 684 927 749 omnino
948 682 1026 748 de
1046 683 1498 771 magistratibus
1517 682 1994 770 provincialibus
2009 732 2027 768 ,
2048 706 2201 771 quos
2222 688 2410 773 vulgo
2429 686 2635 751 comi·-

593 799 696 861 tiis
715 798 961 862 tributis
983 808 1212 863 creatos
1229 799 1477 881 volunt,
1501 809 1572 861 ut
1602 810 1767 864 recte
1787 810 2100 886 quaeratur
2114 848 2132 884 ,
2155 800 2237 865 ab
2253 802 2394 866 aliis
2415 801 2642 868 distin-

592 911 832 996 guendi
880 923 1060 995 sunt,
1104 912 1213 997 qui
1259 913 1612 977 consulatus
1650 924 1758 978 aut
1788 925 2071 1000 praeturae
2103 916 2251 1000 jure
2296 918 2643 1004 provincias

590 1026 876 1091 obtinent
908 1026 1001 1116 (v.
1044 1027 1104 1111 §.
1146 1023 1375 1114 244.);
1406 1023 1484 1091 de
1512 1028 1747 1092 caeteris
1776 1026 1941 1093 idem
1963 1078 1981 1112 ‚
2012 1028 2180 1116 quod
2217 1028 2296 1095 de
2324 1031 2644 1113 Quaestore

594 1153 656 1205 et
688 1139 879 1205 AEdili
913 1139 1133 1206 Curuli
1157 1188 1175 1224 ,
1196 1162 1323 1205 non
1354 1152 1587 1206 temere
1618 1152 1958 1207 statuemus
1983 1140 2087 1231 2).
2121 1144 2477 1210 Sacerdotes
2504 1147 2643 1232 lege

592 1256 864 1322 Domitia
887 1303 905 1339 ,
935 1278 1063 1320 non
1092 1267 1303 1322 tamen
1344 1279 1560 1321 omnes
1586 1306 1604 1343 ‚
1650 1259 1860 1344 populi
1904 1257 2210 1345 suffragiis
2251 1261 2438 1325 lectos
2480 1260 2643 1325 dixi-

595 1392 740 1435 mus
773 1370 875 1461 (§.
908 1374 1051 1437 148.
1073 1368 1141 1460 );
1172 1373 1283 1459 qui
1313 1372 1579 1437 comitiis
1601 1421 1618 1456 ‚
1657 1374 1912 1438 nomine
1955 1374 2209 1461 quidem
2238 1425 2256 1459 ‚
2293 1377 2540 1440 tributis
2561 1425 2578 1457 ‚
2607 1398 2644 1441 a

596 1485 1017 1571 septendecim
1032 1486 1362 1569 tribubus,
1391 1497 1549 1551 sorte
1591 1485 1830 1571 ductis,
1861 1488 2229 1575 legebantur
2267 1487 2359 1578 3).
2404 1488 2646 1555 Judicia

534 1664 535 1667 ,
596 1600 914 1686 primum,
963 1610 1034 1663 ut
1080 1600 1478 1685 scriptoribus
1520 1611 1860 1665 memorata
1914 1598 1982 1688 4)
2023 1624 2286 1689 arguere
2317 1601 2652 1686 videntur,

598 1715 852 1780 nonnisi
892 1713 969 1778 de
1010 1715 1149 1778 loeso
1177 1712 1567 1799 plebejorum
1599 1713 1784 1797 jure3
1815 1724 1945 1799 post
1972 1714 2110 1779 aliae
2139 1698 2340 1781 causas
2366 1739 2652 1782 accesse-

599 1840 752 1895 runt
784 1826 900 1917 5),
931 1829 1171 1893 exclusa
1201 1802 1385 1914 puina
1415 1827 1684 1913 capitali.

667 1967 732 2031 1)
756 1967 832 2014 Cf.
857 1966 1065 2015 schulze
1085 1982 1138 2030 p.
1164 1965 1282 2015 550.
1305 1993 1366 2002 —
1391 1964 1454 2029 2)
1480 1963 1557 2012 Cf.
1578 1958 1785 2013 Schulze
1802 1979 1855 2029 p.
1880 1963 2001 2015 331.
2023 1991 2085 2025 ·.·-
2107 1966 2172 2032 δ)
2197 1967 2273 2016 Cf.
2297 1967 2405 2019 cie.
2428 1969 2493 2017 de
2511 1968 2646 2034 Loqe

600 2056 884 2122 'A9r.2‚7.
912 2054 1708 2137 -4)cr51.iv.5,110t55,4‚
1733 2054 2333 2125 ⁴4.—-5)cr.1.iv.25,
2357 2058 2643 2125 3,va1.11.

604 2148 674 2213 e,
710 2148 768 2214 1,
802 2148 855 2198 ⁷.

704 2289 852 2352 170.
904 2288 1095 2373 Leges
1134 2288 1312 2352 initio
1352 2309 1480 2352 non
1529 2298 1657 2352 tam
1697 2284 1777 2350 ad
1822 2308 1977 2351 nova
2021 2286 2375 2353 inducenda
2400 2338 2418 2372 ‚
2462 2310 2648 2375 quam

610 2411 824 2467 contra
868 2412 1111 2465 senatus
1152 2400 1395 2464 decreta
1438 2400 1774 2485 propositas
1819 2399 2008 2465 fuisse
2053 2412 2536 2469 consentaneum
2567 2413 2658 2470 est

608 2517 827 2602 primae
856 2515 1277 2578 Tribunorum
1312 2512 1514 2577 Plebis
1546 2512 1844 2597 potestati.
1870 2514 2011 2577 Post
2040 2534 2112 2578 ea
2136 2516 2412 2580 cernitur
2443 2538 2657 2581 rerum

610 2628 903 2709 varietas,
933 2637 1040 2708 ut,
1083 2627 1133 2690 si
1188 2626 1425 2691 crimen
1465 2624 1937 2710 perduellionis,
1969 2633 2034 2689 et
2073 2626 2357 2711 quaedam
2405 2631 2662 2694 curiatis

615 2740 879 2804 comitiis
912 2738 1124 2803 relicta
1164 2738 1428 2822 excipias
1451 2749 1485 2820 ,'
1508 2736 1761 2801 difficile
1806 2737 1925 2820 sit,
1966 2738 2340 2824 quibusnam
2363 2739 2441 2804 de
2471 2741 2658 2809 rebus

613 2857 784 2940 leges
807 2852 1084 2916 tribuum
1108 2851 1412 2936 suffragiis
1430 2861 1684 2915 exemtae
1704 2853 2074 2937 manserint,
2097 2855 2385 2940 reperire.
2412 2856 2663 2924 Scilicet

618 2979 903 3050 senatus,
944 2977 1015 3033 ut
1054 2964 1208 3028 Livii
1252 2965 1401 3030 locis
1436 2965 1673 3050 aliquot
1720 2963 2016 3031 docemur
2066 2964 2181 3055 1),
2227 2972 2425 3039 multa
2474 2973 2659 3039 modo

622 3082 955 3164 centuriiS,
995 3078 1183 3146 modo
1207 3078 1374 3165 plebi
1397 3079 1826 3164 permittebat,
1861 3102 2001 3167 quae
2040 3081 2156 3146 sibi
2201 3082 2513 3151 vindicare
2535 3109 2664 3152 non

621 3209 866 3286 posset,
915 3207 1081 3262 certe
1130 3216 1257 3262 non
1306 3195 1543 3260 soleret.
1585 3196 1678 3259 De
1718 3195 1944 3282 quibus
1983 3195 2136 3264 adeo
2180 3199 2668 3274 rebusxTribuni

620 3311 925 3400 populum
973 3332 1101 3373 non
1147 3309 1479 3396 rogabant,
1516 3308 1634 3373 nisi
1666 3331 1738 3374 ex
1771 3321 2015 3376 senatus
2032 3312 2410 3401 auctoritate.
2437 3314 2667 3381 Contra

621 3427 759 3495 haec
780 3446 906 3489 uon
925 3422 1353 3510 requirebatur
1394 3421 1473 3488 ad
1517 3446 1625 3507 ea,
1675 3445 1816 3512 quae
1854 3424 2120 3490 comitiis
2139 3426 2382 3490 tributis
2409 3426 2669 3492 civitatis

625 3544 764 3628 lege
792 3561 1095 3605 concessa.
1123 3515 1339 3625 Neque
1361 3538 1438 3602 de
1458 3538 1594 3603 aliis
1615 3550 1779 3603 recte
1801 3537 2081 3605 dicemus
2098 3587 2116 3623 ,
2142 3540 2246 3604 illa
2263 3539 2512 3605 comitia
2533 3541 2668 3608 sine

622 3666 868 3720 senatus
905 3653 1263 3720 auctoritate
1316 3651 1534 3717 haberi
1595 3649 1704 3740 2).
1758 3653 2099 3734 Caetemm,
2144 3653 2306 3718 inter
2346 3653 2666 3739 plebiscita

626 3781 964 3836 occurrunt
1005 3771 1171 3857 leges
1212 3768 1469 3855 agrariae
1515 3765 1617 3857 (§.
1656 3765 1849 3855 134.)
1875 3816 1893 3852 ,
1929 3767 2260 3833 tabellariae
2299 3765 2392 3858 (§.
2427 3767 2624 3861 149.)
2650 3820 2669 3856 ,

629 3883 1049 3951 frumentaria».
1080 3879 1185 3970 3),
1213 3881 1289 3947 de
1316 3882 1478 3947 bello
1505 3893 1568 3946 et
1590 3904 1743 3968 pace
1766 3881 2153 3947 decernenda
2185 3880 2302 3971 4),
2330 3907 2517 3972 quam
2543 3886 2672 3950 tri-

625 3997 792 4067 butis
833 3995 1096 4065 comitiis
1131 4018 1279 4066 cum
1316 3995 1594 4064 Gruchio
1638 3993 1721 4084 5)
1756 3999 1935 4083 vulgo
1981 3996 2297 4087 tribuunt,
2332 3999 2409 4066 de
2440 3999 2668 4069 crimi-
