3111 4829
1594 407 1618 489 (
1663 406 1782 468 140
1817 405 1842 488 )

694 542 823 599 tres
863 536 1196 602 minimum
1241 535 1526 622 Augures
1571 545 1706 599 tum
1755 535 2001 600 comitia
2046 533 2299 600 habenti
2336 532 2639 619 adfuisse,
2685 557 2721 600 e

705 648 1011 715 Ciceronis
1038 650 1270 736 aliquot
1295 650 1445 714 locis
1476 645 1555 735 6)
1586 649 1836 735 colligit.

774 787 837 852 1)
860 788 934 836 Ct’.
959 788 1074 849 Ros.
1094 791 1217 838 Ant.
1240 787 1390 837 Rom.
1414 801 1466 851 p.
1485 785 1602 836 417.
1621 814 1680 822 -
1705 785 1769 851 2)
1801 786 1875 836 Cf.
1901 788 2006 836 Liv.
2029 788 2088 849 1,
2114 786 2207 851 17,
2229 788 2430 853 Dionys.
2456 790 2518 853 2,
2548 787 2633 838 157.
2659 817 2720 828 —-

701 878 768 944 δ)
793 879 869 927 cf.
891 879 949 927 P.
970 880 1157 928 Manut.
1177 880 1238 927 do
1254 878 1408 944 Leqq.
1431 878 1615 941 Rom„
1640 877 1693 924 in
1720 878 1874 927 lee.
1897 878 2063 927 Groev.
2086 894 2136 927 v.
2160 879 2211 927 2.
2234 895 2286 944 p.
2308 880 2371 930 10
2390 916 2407 942 ,
2437 885 2490 929 et
2512 881 2725 943 August.

703 960 769 1018 «ιε’
789 969 975 1033 Loqq„
999 968 1070 1016 ih.
1087 984 1140 1032 p.
1162 966 1277 1016 270.
1298 995 1359 1005 -
1381 966 1444 1032 4)
1483 967 1560 1014 cs.
1581 966 1688 1015 Liv.
1708 967 1766 1032 1,
1789 967 1873 1016 eo.
1898 995 1960 1004 -
1980 966 2042 1032 5)
2076 967 2153 1016 cr.
2184 967 2289 1016 cic.
2310 972 2437 1032 Aqr.
2472 969 2533 1034 2,
2558 968 2640 1018 12.
2661 995 2722 1007 -

706 1055 772 1120 6)
795 1057 881 1106 Ad
900 1055 1007 1104 An.
1031 1055 1093 1120 8,
1117 1054 1181 1121 ὅ,
1202 1054 1265 1120 4,
1289 1055 1385 1121 18,
1408 1056 1479 1105 ad
1496 1055 1624 1105 Dio.
1644 1056 1706 1118 2,
1728 1055 1781 1104 7.
1802 1055 1866 1104 V.
1887 1055 2082 1104 Schulz.
2105 1072 2159 1120 p.
2184 1056 2300 1106 506.

803 1173 948 1236 155.
998 1171 1152 1234 Exin
1189 1171 1381 1256 igitur
1415 1169 1493 1234 ad
1532 1170 1780 1234 comitia
1814 1170 2044 1234 curiata
2070 1218 2087 1252 ,
2127 1181 2345 1255 praeter
2377 1172 2727 1257 arrogatio-

707 1305 854 1347 nem
884 1281 985 1372 (§.
1022 1281 1203 1370 89.),
1238 1283 1592 1347 referuntur
1618 1282 1764 1347 bina
1790 1284 2003 1368 legum
2035 1304 2294 1368 genera,
2325 1284 2585 1347 alterum
2605 1333 2623 1369 ,
2654 1285 2726 1349 in

706 1418 833 1483 quo
855 1419 981 1461 non
1018 1397 1270 1482 simplex
1296 1396 1710 1461 recentiorum
1741 1394 2030 1458 dissensio
2051 1443 2069 1478 ‚
2104 1394 2180 1459 de
2214 1395 2396 1460 rebus
2416 1418 2562 1460 cum
2584 1419 2729 1461 om-

704 1511 859 1574 nino
884 1558 903 1592 ,
933 1530 1071 1597 quae
1104 1509 1238 1576 aliis
1258 1510 1519 1574 comitiis
1539 1520 1720 1592 actm,
1750 1520 1886 1573 tum
1910 1529 2049 1572 vero
2068 1507 2146 1571 de
2168 1508 2618 1594 magistratibus
2647 1514 2675 1574 1
2700 1509 2727 1597 )

707 1621 1146 1689 confirmandis
1188 1620 1298 1710 2),
1340 1624 1602 1689 alterum
1651 1621 1728 1686 de
1759 1621 2017 1707 imperio
2063 1622 2189 1686 sive
2225 1633 2514 1706 potestate
2557 1611 2730 1689 mili-

632 1786 641 1797 ,
704 1736 824 1799 tari
869 1732 1215 1825 (5183.)
1259 1736 1355 1798 vel
1399 1733 1851 1821 magistratibus
1872 1783 1889 1816 ,
1941 1736 2037 1798 vel
2086 1734 2331 1820 privatis
2363 1738 2558 1831 'etiam
2609 1734 2730 1825 3),

706 1848 928 1933 opinor
948 1826 973 1932 ;
996 1846 1325 1912 tribuendo
1358 1844 1435 1935 4)
1461 1870 1476 1912 :
1506 1849 1618 1933 qui
1646 1870 1778 1911 mos
1803 1848 2111 1914 Ciceronis
2141 1848 2325 1912 etiam
2353 1860 2559 1933 mate,
2594 1848 2733 1933 sed,

704 1971 784 2024 ut
813 1960 1098 2046 exipsius
1128 1960 1259 2025 loco
1287 1959 1594 2044 conjicere
1620 1960 1765 2025 licet
1782 2009 1799 2044 ,
1839 1982 1964 2024 non
1986 1961 2117 2024 sine
2138 1962 2487 2047 exceptione
2510 1971 2732 2050 reten3-

642 2138 652 2149 ,
710 2084 810 2138 tus
852 2070 950 2159 5).
989 2075 1315 2167 Sacrorum
1352 2073 1777 2138 detestationes
1815 2084 1877 2137 et
1915 2056 2276 2140 ‘testamenta
2299 2076 2446 2139 olim
2470 2060 2733 2140 comitiis

705 2186 958 2252 curiatis
995 2187 1155 2251 facta
1195 2206 1304 2250 suo
1330 2186 1462 2250 loco
1485 2187 1978 2251 memoravimus.
2020 2187 2120 2248 Ob
2162 2196 2403 2272 tempus
2422 2209 2736 2252 memora-

616 2290 630 2307 '
707 2299 851 2363 hilis
886 2300 980 2362 lex
1008 2298 1242 2363 curiata
1277 2295 1355 2362 de
1384 2298 1637 2363 Camillo
1673 2297 1752 2363 ab
1786 2298 1963 2362 exilio
1993 2298 2335 2364 revocando
2379 2296 2479 2387 6).
2513 2299 2736 2366 Sacer-

713 2411 883 2476 dotes
909 2411 1171 2475 comitiis
1204 2410 1454 2476 curiatis
1475 2411 1663 2476 creati
1683 2411 1985 2476 Flamines
2007 2423 2067 2475 et
2089 2412 2271 2477 Curio
2299 2414 2614 2480 Maximus,
2640 2416 2738 2479 De

717 2526 894 2608 Rege
924 2524 1255 2588 Sacrorum
1280 2522 1596 2587 dubitatur
1640 2519 1712 2609 7)
1733 2547 1751 2605 3
1795 2524 1871 2587 de
1894 2525 2240 2590 Vestalibus
2295 2526 2426 2589 vide
2475 2530 2536 2612 5.
2577 2532 2735 2594 325.

711 2625 1140 2699 Sacerdotibus
1176 2633 1454 2700 creandis
1494 2631 1773 2700 Pontifex
1811 2635 2143 2719 Maximus3
2186 2636 2255 2698 in
2293 2638 2526 2720 caeteris
2555 2640 2742 2707 rebus

713 2750 919 2833 Reges
943 2795 960 2830 ,
999 2757 1132 2832 post
1176 2747 1565 2832 magistratus
1613 2748 1874 2830 majores
1917 2748 2156 2831 patricii
2207 2746 2286 2837 8)
2331 2752 2735 2835 praefuerunt.

721 2860 982 2928 Comitia
1023 2859 1257 2925 curiata
1301 2881 1540 2945 semper
1583 2860 1743 2922 intra
1787 2858 2156 2945 pomoerium
2181 2908 2200 2943 ,
2254 2861 2620 2951 plerumque
2665 2837 2738 2935 in

717 2975 975 3042 Comitio
1007 2973 1329 3066 (5147.)
1361 2974 1770 3039 habebantur.

787 3089 846 3153 1)
882 3087 957 3136 Ad
993 3088 1152 3151 legem
1183 3086 1435 3136 Horatium
1458 3082 1652 3150 usque?
1687 3087 1764 3135 Cf.
1788 3087 1994 3138 schulze
2010 3102 2063 3152 p.
2091 3086 2208 3138 294.
2232 3117 2292 3126 —
2310 3088 2371 3156 2)
2394 3091 2471 3140 Cf.
2491 3093 2660 3144 Bonus.
2681 3111 2737 3160 p.

718 3178 806 3229 191
834 3217 850 3244 ,
875 3181 1080 3229 schulze
1100 3195 1153 3244 p.
1175 3177 1290 3229 286.
1309 3195 1386 3243 aq.
1405 3207 1465 3216 —-
1482 3179 1544 3245 3)
1570 3173 1646 3228 Cf.
1663 3180 1779 3229 Ros.
1803 3197 1856 3247 p.
1879 3180 1994 3230 476.
2016 3208 2077 3217 —
2099 3180 2161 3246 4)
2199 3180 2270 3230 De
2289 3182 2396 3246 lege
2418 3184 2606 3233 curiata
2628 3186 2741 3236 vide

716 3254 896 3316 acriter
927 3273 978 3316 et
1010 3268 1207 3331 copiose
1225 3267 1527 3333 disputantes
1545 3267 1798 3331 Sigonium
1824 3274 1877 3317 et
1907 3267 2212 3332 Gruchium‚
2241 3269 2396 3321 Thes.
2422 3272 2586 3320 Groeo.
2609 3288 2659 3320 v.
2686 3273 2740 3322 1.

720 3373 776 3423 p.
797 3356 1066 3408 815-1004.
1087 3358 1162 3405 Cf.
1185 3358 1305 3407 Ern.
1325 3357 1465 3407 Cleo.
1494 3357 1655 3407 Cicer.
1678 3373 1728 3406 v.
1751 3360 2044 3423 §rupee-ium.
2064 3386 2122 3395 —
2141 3358 2204 3423 5)
2229 3358 2333 3407 Cic.
2356 3361 2426 3408 ad
2445 3360 2572 3409 Die.
2595 3360 2619 3408 1
2635 3396 2656 3424 ,
2672 3360 2706 3408 9
2724 3389 2744 3417 ‚

717 3450 928 3514 Appius
961 3450 1025 3497 in
1061 3447 1375 3498 sermonibus
1414 3455 1566 3497 antea
1586 3448 1850 3498 dictitabat
1863 3468 1885 3508 ,·
1913 3456 2088 3512 postea
2114 3449 2244 3497 dia-ie
2274 3450 2424 3496 otiam
2459 3449 2517 3495 in
2552 3456 2740 3497 senatu

707 3539 917 3608 palam,
950 3554 1054 3587 sese
1070 3573 1090 3603 ,
1131 3540 1182 3586 si
1214 3538 1412 3588 liciam·
1450 3545 1579 3588 esset
1590 3573 1610 3603 ,
1650 3538 1803 3602 leqem
1833 3541 2085 3588 curiatam
2111 3537 2248 3600 ferro
2260 3571 2280 3601 ,
2307 3538 2604 3586 sortiturum
2627 3554 2739 3589 esce

708 3644 828 3677 cum
861 3628 1049 3692 calleyo
1063 3629 1413 3692 provinciam,
1442 3630 1493 3677 si
1517 3629 1720 3677 curiata
1751 3629 1830 3676 Ζοι-
1866 3644 1971 3678 non
2007 3634 2159 3691 esset,
2195 3641 2248 3673 σο
2280 3631 2592 3688 paraturum
2615 3641 2739 3679 cum

712 3717 902 3780 calleyo
919 3754 935 3782 ‚
977 3717 1168 3782 tibique
1202 3734 1554 3768 necessarum
1566 3752 1586 3782 ,
1624 3718 1877 3781 &qumque
1908 3720 2160 3766 curiatam
2201 3714 2414 3763 Comata·
2442 3713 2577 3775 ferro
2606 3732 2743 3780 opus

709 3821 815 3853 esse
823 3839 843 3870 ,
881 3801 1078 3855 nocent
1114 3822 1220 3856 non
1255 3823 1360 3856 esea
1390 3824 1415 3856 .·
1448 3823 1500 3857 se
1517 3842 1536 3872 ,
1577 3809 1820 3871 quoniam
1857 3824 1918 3855 ex
1951 3804 2381 3856 senatusconsulto
2417 3808 2741 3868 provinciam

715 3892 942 3958 haberet,
960 3877 1070 3959 xleqo
1091 3896 1325 3946 Cornelia
1345 3899 1618 3961 imperium
1640 3896 1933 3946 habiturum
1942 3929 1961 3958 ,
1983 3895 2154 3958 quoad
2179 3895 2236 3942 in
2268 3893 2442 3944 urbem
2462 3896 2743 3947 introisset.

716 3980 795 4028 cf.
815 3980 920 4029 Cic.
942 3984 1068 4044 Aqr.
1090 3977 1153 4046 Ξ,
1178 3982 1241 4031 10
1258 3988 1311 4033 et
1333 3983 1430 4048 12,
1453 3985 1594 4034 Phil.
1619 3983 1681 4048 5,
1706 3983 1797 4047 16,
1820 3983 1926 4031 Lim
1951 3982 2012 4044 2,
2035 3982 2128 4044 56,
2151 3981 2212 4045 5,
2239 3981 2294 4032 11
2322 3982 2475 4034 0131.
2497 4013 2556 4024 —
2576 3984 2640 4051 6)
2662 3985 2728 4036 V.

708 4069 812 4121 Liv.
835 4069 895 4135 5,
919 4068 1003 4119 40.
1022 4098 1081 4109 —-
1101 4069 1168 4136 7)
1191 4072 1254 4123 V.
1272 4072 1476 4124 schulze
1493 4089 1545 4139 p.
1567 4072 1685 4122 35⁰.
1705 4101 1768 4113 -
1787 4072 1852 4136 8)
1874 4072 1934 4122 V.
1960 4072 2075 4121 Ros.
2097 4087 2150 4137 p.
2173 4070 2289 4122 452.
