3111 4829
1327 368 1582 519 (123)

445 565 513 613 A.
533 565 600 615 ιΡ.
617 563 749 630 382,
766 567 861 615 Seu
882 568 944 615 dc
963 567 1141 629 Bonos.
1165 566 1228 629 ὅ,
1245 567 1300 616 7.
1320 566 1452 627 -ἒῦ
1474 565 1606 614 Ptin.
1625 565 1663 613 l.
1682 582 1732 613 c.
1753 565 1887 627 -4)
1906 564 1969 614 V.
1993 562 2163 615 Bonus.
2184 565 2375 630 p.152.
2391 566 2467 620 Cf.

446 651 552 702 Liv.
570 653 602 703 9
619 660 767 718 extr„
786 656 921 704 Suet.
959 656 1068 706 Col.
1104 656 1199 719 16,
1236 656 1436 722 Dionys.
1454 656 1513 719 6,
1552 655 1615 704 15
1629 692 1644 718 ‚
1676 654 1764 719 qui
1783 654 2024 719 originem
2050 656 2418 705 transvectionis
2439 673 2468 704 a

420 756 609 805 ‘pugna
632 742 693 791 ad
712 743 876 792 lacum
892 744 1138 807 Regillum
1161 749 1212 792 et
1232 744 1481 793 Dioscuris
1500 743 1704 801 deducit
1722 781 1737 807 ,
1757 760 1882 808 quos
1904 744 2060 792 inilia
2081 744 2311 793 Romanis
2332 746 2470 795 auxi-

443 830 617 879 liantes
638 830 944 895 adparuisse,
961 838 1100 882 vetus
1115 832 1328 881 sama.—
1340 833 1393 893 5)
1410 833 1487 881 Cf.
1508 832 1708 898 Dionys.
1726 833 1765 881 1.
1780 849 1894 882 0.-
1906 833 1959 895 6)
1976 833 2052 881 Cf.
2070 833 2176 882 Cic.
2188 851 2248 897 p.
2268 834 2467 887 Queat.

444 918 527 970 ⁴8.
546 946 607 959 ο·-
624 920 683 985 7)
707 920 882 971 Vende
904 938 1111 986 equum.
1130 922 1194 971 V.
1213 922 1342 972 Gen.
1359 922 1420 987 ⁴,
1446 922 1527 972 12.
1550 921 1659 971 Liv-
1678 921 1776 986 ⁴5,
1802 920 1865 972 15
1882 958 1899 985 ,
1918 922 2123 985 plum,
2148 937 2304 985 quum
2324 939 2359 971 0
2379 939 2470 971 ηιμ-

437 1010 746 1074 persor-ibus,
763 1018 810 1059 ee
826 1018 1008 1061 senatu
1029 1014 1182 1061 emoti
1191 1019 1316 1062 sunt
1328 1047 1348 1077 ,
1365 1019 1416 1061 et
1434 1027 1587 1076 equos
1600 1012 1810 1061 vonam
1819 1012 2046 1073 jussi.-—
2064 1010 2116 1071 8)
2141 1009 2221 1059 Id.
2238 1010 2271 1060 4
2283 1047 2298 1074 ,
2318 1011 2468 1061 20.—

441 1097 497 1156 9)
521 1096 595 1146 Cf.
621 1098 739 1146 Tac.
766 1102 907 1148 Anu.
929 1099 949 1148 1
971 1136 986 1162 ,
1022 1099 1054 1149 δ
1073 1136 1088 1163 ,
1117 1101 1286 1149 Beaus.
1319 1116 1369 1149 ν.
1404 1100 1453 1149 1.
1488 1116 1540 1165 p.
1562 1099 1676 1150 154.
1695 1129 1754 1139 -
1776 1099 1858 1160 10)
1878 1098 1954 1147 Cf.
1973 1097 2094 1147 Tau.
2117 1098 2259 1147 Hae.
2283 1099 2306 1148 1
2332 1136 2348 1164 ,
2374 1098 2466 1163 13,

441 1184 503 1248 2,
532 1184 615 1234 37.
638 1186 701 1235 V.
718 1186 906 1237 Weber
924 1187 987 1239 ad
1005 1188 1185 1239 Juven.
1208 1190 1242 1241 7
1257 1189 1374 1256 ,13.
1394 1207 1506 1254 sqq.
1526 1227 1542 1255 ,
1567 1190 1702 1239 Suet.
1726 1189 1888 1239 Galba
1909 1187 1991 1238 1⁴.

1077 1329 1367 1394 Parnon
1392 1352 1490 1425 ‘m'
1535 1350 1840 1397 cunnus.

532 1488 679 1552 140.
730 1489 958 1553 Divisio
989 1491 1200 1574 populi
1241 1491 1508 1557 Romani
1550 1491 1618 1553 in
1650 1500 1936 1575 patronos
1965 1500 2027 1553 et
2067 1489 2364 1571 clientes,
2393 1501 2465 1553 ut

435 1602 853 1687 antiquissima
876 1605 1172 1689 pleraque
1198 1603 1448 1688 Romae,
1481 1603 1665 1689 vulgo
1693 1601 1774 1667 ad
1804 1602 2146 1667 Romulum
2176 1603 2458 1666 refertur.
2506 1666 2518 1675 ,

443 1712 503 1775 Is
530 1714 732 1797 enim,
768 1726 1018 1780 auctore
1060 1716 1348 1804 Dionysio
1390 1714 1492 1805 l),
1529 1716 1956 1780 Thessalorum
2001 1727 2063 1780 et
2106 1714 2461 1781 Athenien-

440 1827 601 1890 sium
623 1874 640 1908 ,
672 1838 742 1891 ut
767 1828 873 1892 ille
902 1839 1102 1914 putat,
1131 1851 1368 1895 morem
1407 1831 1472 1894 in
1504 1832 1727 1895 melius
1752 1841 2148 1913 mavortem,
2180 1830 2460 1916 patricios

441 1949 503 2001 et
544 1937 810 2025 plebejos
850 1952 1069 2006 mutuo
1099 1942 1539 2008 benevolentias
1581 1965 1746 2008 nexu
1776 1944 2140 2028 conjunxit,
2176 1944 2308 2008 illos
2339 1965 2461 2030 pa-

440 2066 675 2138 tronos,
702 2055 812 2121 hos
836 2056 1122 2141 clientes,
1158 2068 1451 2144 tanquam
1477 2058 1745 2121 colentes
1768 2105 1786 2139 ,
1812 2068 1880 2120 ut
1910 2058 2099 2142 vulgo
2123 2056 2339 2121 dicunt
2367 2055 2459 2143 2),

435 2167 780 2253 adpellans,
825 2180 888 2234 et
927 2180 1150 2235 mutua
1186 2182 1598 2255 utrorumque
1641 2169 1846 2232 officia
1885 2168 2295 2232 constituens:
2337 2189 2459 2252 pa-

436 2282 626 2345 tronis
649 2330 665 2363 ,
699 2290 770 2344 ut
821 2281 1149 2345 clientibus
1195 2280 1273 2344 de
1316 2279 1461 2365 jure
1492 2278 1563 2367 3)
1618 2279 2055 2365 responderent
2086 2278 2113 2369 (
2127 2277 2187 2360 §.
2218 2276 2416 2366 271.)
2439 2327 2457 2362 ,

430 2394 827 2485 quietemque
857 2394 977 2458 iuis
1019 2419 1052 2459 a
1082 2394 1344 2480 publicis
1382 2393 1752 2482 privatisque
1784 2392 2043 2481 negotiis
2071 2401 2457 2480 praestarent,

430 2505 710 2570 absentes
743 2528 990 2595 quoque
1021 2505 1425 2573 defenderent
1445 2557 1463 2593 ,
1501 2508 1656 2595 quin
1689 2507 1877 2572 etiam
1904 2507 2156 2572 clientes
2183 2505 2458 2591 cognatis

428 2629 874 2705 anteponerent
910 2626 946 2686 4
967 2618 1034 2708 ):
1082 2621 1410 2688 clientibus
1434 2670 1453 2706 ,
1489 2632 1562 2687 ut
1603 2633 1931 2708 patronum
1976 2642 2217 2685 summo
2255 2617 2455 2683 studio

429 2743 633 2818 atque'
656 2754 865 2798 amore
905 2734 1215 2818 colerent,
1252 2756 1368 2800 nec
1411 2734 1491 2801 ad
1537 2729 1674 2820 ejus
1707 2734 1981 2821 inopiam
2020 2730 2453 2798 sublevandam

429 2858 536 2912 aut
573 2847 937 2935 dignitatem
976 2847 1270 2914 tuendam
1302 2849 1696 2914 facultatibus
1731 2857 2070 2934 parcerent.

497 3035 546 3099 1)
569 3035 631 3099 2,
654 3034 922 3084 acacia
946 3037 1009 3085 aa
1031 3036 1251 3100 Ερμῆ,
1272 3036 1323 3085 9.
1344 3036 1477 3100 -2)
1502 3036 1578 3084 cf.
1611 3037 1747 3084 serv.
1771 3034 1833 3083 ad
1854 3033 2055 3094 Eme,
2090 3031 2454 3095 605,Lyd,1,

427 3124 908 3192 20.-s)cs.nor.
935 3125 1046 3190 Ep.
1073 3123 1220 3190 1,1,
1246 3123 1369 3190 103,
1397 3125 1496 3175 oa.
1521 3124 1589 3189 s,
1613 3124 1680 3188 5,
1704 3122 1872 3173 aa-
1895 3120 1949 3187 4)
1974 3119 2036 3168 v.
2060 3119 2258 3185 eous,
2283 3118 2364 3168 13.

524 3317 667 3380 141.
718 3317 871 3381 Haee
900 3314 1320 3399 necessitudo,
1359 3338 1484 3403 qua
1522 3315 1740 3402 primis
1780 3313 2037 3379 civitatis
2080 3311 2456 3397 temporibus

426 3427 586 3492 nihil
622 3429 891 3495 sanctius
924 3429 1045 3495 fuit
1079 3428 1384 3494 Romanis
1417 3426 1525 3517 1),
1564 3438 1766 3514 postea
1806 3438 1949 3491 nota
1994 3427 2099 3490 illa
2135 3425 2457 3490 clientium

422 3540 1026 3624 officiajntroduxit3
1064 3541 1133 3605 in
1162 3541 1391 3627 quibus
1413 3551 1542 3605 erat
1572 3552 1930 3626 patronum,
1961 3558 2149 3625 quem
2186 3558 2319 3600 mos
2343 3557 2459 3600 re—

425 3679 568 3743 gem
598 3654 678 3743 2)
714 3656 1056 3741 adpellare,
1102 3676 1285 3719 mane
1319 3656 1583 3719 salutare
1616 3651 1723 3740 3),
1762 3653 1828 3715 in
1860 3653 2122 3731 Forum,
2152 3649 2219 3711 in
2255 3649 2459 3715 Cam·-

422 3771 939 3856 pumcomitari,
979 3769 1368 3834 munusculis
1409 3769 1597 3832 etiam
1645 3767 1768 3830 sive
1811 3765 2018 3850 ipsum
2064 3763 2188 3827 sive
2236 3761 2456 3827 liberos

424 3883 845 3969 familiamque
873 3883 1079 3948 colere
1103 3879 1202 3969 4);
1232 3881 1372 3946 alia.
1399 3879 1715 3945 Officioso's
1739 3879 2006 3944 invicem
2036 3876 2276 3963 patroni
2304 3896 2455 3962 quo-

422 3999 651 4065 tidiana
696 3998 962 4083 sportula
1011 3996 1324 4061 donabant
1369 3992 1436 4082 5)
1463 4043 1483 4077 ,
1531 3992 1779 4076 eibum,
1827 3989 2197 4079 quandoque
2248 4010 2456 4075 pecu—

420 4114 586 4190 niam
632 4113 1004 4202 largientes,
1038 4111 1232 4198 rarius
1273 4131 1503 4180 mensae
1540 4108 1730 4177 etiam
1769 4107 2060 4177 clientem
2090 4103 2450 4174 adhibente·
