3111 4829
1316 389 1341 469 (
1381 388 1499 451 283
1536 392 1566 474 l

424 543 580 585 com.
615 524 747 586 loco
799 519 862 609 1)
909 522 1196 609 colligere
1240 521 1532 606 dabatur3
1578 543 1750 587 nuuc
1792 544 1926 587 rem
1967 546 2003 588 a
2055 524 2200 609 Cajo
2240 523 2309 614 2)
2358 529 2442 592 ita

421 637 844 726 confirmatam
889 638 1222 722 habemus,
1259 649 1335 702 -ut
1383 638 1602 719 simul,
1647 639 1980 720 formulas,
2016 640 2259 726 quasin
2303 640 2443 704 albo

421 751 751 836 propositas
776 752 879 817 ille
913 751 1103 834 dicit,
1143 774 1270 817 non
1309 752 1630 837 separatim
1667 752 1745 816 ab
1775 753 2122 819 actionibus
2145 803 2163 838 ,
2206 753 2312 820 sed
2347 754 2445 820 his

422 863 763 948 subjectas,
808 865 1018 951 sicque
1058 866 1123 928 in
1167 865 1295 950 ipso
1332 864 1612 929 Proetoris
1651 863 1850 930 edicto
1906 867 2243 953 publicatas
2284 871 2445 952 esse,

422 989 834 1062 consequatur
893 975 984 1065 3).
1039 978 1254 1065 Neque
1319 1001 1490 1060 vero,
1555 979 1890 1070 quominus
1944 979 2028 1044 ita
2067 991 2441 1063 statuamus,

420 1086 571 1153 hinc
607 1103 770 1155 recte
813 1114 1169 1158 moveamur
1192 1141 1209 1175 ,
1243 1081 1409 1179 quod
1447 1093 1512 1155 in
1535 1092 1880 1157 actionibus
1914 1116 1984 1158 ex
2007 1092 2208 1159 edicto
2239 1094 2307 1159 in
2338 1094 2445 1179 jus

418 1203 871 1269 Justinianeum
898 1207 1197 1271 translatis
1240 1207 1649 1271 formularum
1683 1207 1917 1272 mentio
1959 1230 2087 1272 non
2130 1208 2440 1292 occurrit;

417 1317 645 1403 quippe
682 1340 832 1404 quas
856 1366 874 1400 ,
914 1319 990 1383 ad
1020 1318 1166 1403 jure
1202 1318 1469 1405 agendi,
1500 1338 1639 1406 quae
1671 1331 1806 1386 tum
1831 1332 1993 1404 erat,
2022 1322 2325 1388 rationem
2349 1323 2441 1386 nil

415 1432 820 1516 pertinentes,
848 1431 1074 1500 addere
1099 1454 1546 1517 supervacuum
1581 1431 1774 1498 videri
1806 1431 2134 1518 debuerit3
2168 1436 2275 1503 cui
2297 1458 2444 1504 sane

413 1541 532 1608 hoc
563 1544 747 1609 etiam
781 1556 1262 1612 consentaneum
1285 1593 1301 1626 ,
1346 1545 1512 1632 quod
1553 1564 1679 1613 non
1708 1545 1794 1613 ab
1826 1547 1932 1614 illa
1963 1547 2148 1615 modo
2182 1560 2353 1633 parte
2383 1561 2447 1618 et

412 1656 566 1743 legis
588 1656 856 1722 actiones
880 1669 940 1721 et
963 1658 1296 1741 formulas,
1326 1658 1430 1723 sed
1453 1659 1533 1724 ab
1554 1659 1727 1726 omni
1755 1659 1901 1745 jure
1924 1660 2309 1730 Justinianeo
2332 1679 2442 1731 ex·-

412 1771 611 1835 clusas
662 1772 974 1838 cernimus
1021 1769 1125 1858 4).
1174 1772 1228 1836 A
1277 1771 1728 1856 jurisconsultis
1771 1775 2067 1840 formulas
2109 1775 2401 1846 Proetores
2422 1825 2443 1861 ,

413 1887 684 1958 edictum
708 1898 1144 1974 componentes
1168 1936 1186 1971 ,
1227 1898 1434 1973 petere
1474 1887 1676 1954 solitos
1703 1935 1721 1970 ,
1759 1888 2035 1954 observat
2054 1891 2307 1978 Dupont
2328 1889 2397 1978 5)
2423 1915 2442 1976 3

417 2025 620 2089 neque
641 2001 906 2068 dubium
929 2012 1046 2084 est,
1068 2001 1223 2089 quin
1239 2050 1257 2083 ,
1280 2011 1351 2065 ut
1366 2001 1687 2085 judicibus
1710 2002 1806 2090 (§.
1836 2001 2030 2091 273.)
2052 2051 2070 2085 ,
2092 2005 2179 2070 sic
2201 2005 2443 2072 Praeto-

416 2116 586 2182 ribus
627 2114 708 2182 ad
739 2115 937 2200 juris,
961 2136 1151 2202 quam
1187 2114 1304 2199 ipsi
1335 2114 1617 2200 plerique
1650 2126 1827 2179 erant
1850 2162 1868 2196 ,
1915 2116 2228 2199 peritiores
2251 2118 2444 2184 fuerit

415 2240 476 2297 ct
506 2231 688 2313 alias,
731 2240 793 2292 et
826 2228 893 2291 in
916 2228 1199 2294 formulis
1223 2249 1472 2313 quoque
1495 2275 1513 2310 ,
1557 2226 2041 2312 recurrendum3
2087 2228 2203 2292 nisi
2230 2228 2369 2316 quis
2405 2253 2444 2295 e

414 2344 691 2430 priorum
724 2341 938 2406 edictis
966 2341 1261 2408 formulas
1283 2340 1347 2405 in
1375 2361 1560 2404 suum
1585 2340 1913 2406 transferre
1946 2341 2087 2408 satis
2105 2341 2442 2428 judicaret.

413 2460 506 2527 De
546 2459 749 2543 rigore
787 2456 855 2519 in
878 2455 1161 2521 formulis
1197 2452 1590 2519 observandis
1612 2502 1629 2536 ‚
1654 2466 1714 2519 et
1749 2454 2160 2541 litigantium,
2197 2457 2247 2522 si
2286 2455 2442 2543 quid

412 2583 628 2641 contra
666 2581 1022 2657 peccarent,
1064 2569 1373 2655 periculo,
1403 2567 1817 2636 conferendus
1846 2569 2033 2654 Cajus
2058 2573 2130 2653 4,
2168 2575 2280 2637 53.
2306 2593 2438 2661 sqq.

411 2689 492 2757 Ut
521 2686 676 2773 legis
709 2685 980 2751 actiones
1034 2683 1102 2747 in
1141 2683 1689 2750 centumviralibus
1713 2730 1732 2765 ,
1775 2684 1862 2749 sic
1894 2684 2178 2749 formulae
2214 2684 2281 2749 in
2316 2707 2441 2752 οω-

409 2800 553 2865 toris
574 2800 773 2866 causis
794 2798 874 2863 ad
895 2819 1028 2865 sera
1060 2798 1370 2863 Cassarum
1393 2808 1670 2883 tempora
1693 2796 2103 2881 duraverunt,
2127 2797 2245 2864 suh
2269 2798 2444 2867 Con-

410 2915 674 2979 stantino
718 2914 799 2979 Μ.
840 2911 1098 2978 demum
1136 2912 1390 2977 sublatae
1415 2908 1519 2997 6);
1559 2928 1758 2997 quum
1803 2910 2033 2978 scilicet
2055 2909 2441 2995 judiciorum

410 3027 786 3113 privatorum
810 3073 829 3110 ,
887 3026 993 3091 cui
1036 3025 1530 3107 conveniebant,
1597 3024 1751 3091 ratio
1775 3073 1794 3107 ‚
1859 3045 2007 3091 cum
2050 3024 2238 3109 alias,
2304 3036 2441 3090 tum

409 3138 634 3204 abolita
668 3139 1094 3231 antiquissima
1118 3136 1568 3203 consuetudine
1596 3146 1832 3205 mutata
1870 3145 2027 3201 esset
2050 3183 2068 3217 ,
2103 3157 2243 3224 quae
2265 3137 2441 3203 litem

400 3251 895 3340 cognoscendam
927 3264 989 3317 et
1009 3249 1500 3319 constituendam
1544 3250 1976 3338 magistratui,
2016 3247 2439 3317 dirimendam

404 3379 614 3437 autem
649 3368 897 3455 judici,
935 3369 1015 3433 ab
1050 3368 1155 3435 illo
1195 3390 1231 3432 e
1271 3368 1512 3433 civibus
1550 3366 1816 3454 legendo
1840 3416 1859 3453 ,
1902 3366 2295 3452 permittebat
2335 3362 2431 3454 7);

402 3507 519 3573 qua
564 3486 829 3570 abolita,
887 3505 1087 3570 quum
1144 3481 1223 3549 ad
1284 3481 1563 3549 eundem*
1602 3492 1663 3549 et
1723 3481 1814 3549 rei
1856 3479 2129 3568 cognitio
2168 3491 2230 3545 et
2269 3478 2437 3543 diri-

403 3620 581 3667 mens
621 3597 923 3670 seutentia
964 3597 1343 3683 pertineret,
1386 3597 1482 3663 vel
1533 3592 1674 3661 ideo
1715 3616 1855 3680 pars
1876 3640 1895 3678 ‚
1942 3616 2083 3681 quae
2108 3591 2434 3680 hucusque

405 3712 799 3785 obtinuerant
817 3763 837 3800 ,
878 3713 1288 3781 formularum
1337 3708 1677 3795 rejicienda
1719 3709 1955 3777 fuisset.

469 3925 521 3992 1)
545 3925 609 3974 V.
631 3931 738 3976 not.
773 3928 823 3979 2.
848 3928 911 3976 ad
943 3924 987 3997 ξ.
1012 3925 1128 3978 271.
1160 3926 1199 3974 l.
1220 3952 1281 3964 --
1299 3922 1352 3988 2)
1377 3923 1482 3989 Caj.
1519 3920 1580 3986 4,
1606 3920 1701 3987 46,
1726 3920 1929 3971 Coetoroe
1947 3934 2152 3987 quoquo
2175 3918 2440 3987 for-malm,

403 4029 517 4082 quoe
538 4007 632 4064 sub
673 4017 820 4065 titulo
843 4018 904 4066 de
939 4019 996 4069 in
1020 4018 1115 4085 jus
1146 4014 1370 4065 vocando
1396 4014 1669 4079 propositor
1706 4018 1829 4061 suut
1844 4045 1861 4075 ,
1896 4012 1953 4058 in
1969 4008 2170 4077 sactum
2192 4017 2443 4075 concepto

408 4107 731 4179 sunu-{velue
752 4108 992 4159 adversus
1015 4126 1130 4159 eum
1152 4146 1168 4174 ,
1203 4109 1297 4173 qm‘
1308 4142 1324 4171 ,
1361 4107 1414 4155 in
1442 4106 1536 4167 jus
1559 4110 1794 4167 vocatus,
1820 4114 1984 4166 neque
2014 4103 2207 4153 veneri!
2223 4139 2241 4168 ,
2274 4117 2439 4167 nequo
