3111 4829
1321 411 1570 498 (417)

431 556 587 613 rant.
632 544 924 630 Ejusdem
959 545 1309 633 argumenti
1345 545 1595 610 Firmiei
1639 546 1897 611 Materni
1934 545 2035 636 (§.
2067 543 2263 634 416.)
2288 545 2452 612 libri

428 658 814 725 Mathmoe.
839 661 890 724 E
911 660 1099 744 poetis
1134 658 1238 724 hic
1264 658 1678 725 nominandus
1704 660 2008 725 Manilius.
2055 660 2223 725 Inter
2259 682 2446 745 supe-

434 772 627 837 rantia
644 775 1069 838 Romanorum
1102 772 1502 859 geographica
1533 775 1750 860 scripta
1769 775 2237 840 vetustissimum
2267 776 2458 841 Pom-

434 887 601 969 ponii
645 887 854 970 Melae,
903 888 1107 952 saeculi
1141 888 1358 971 primi,
1407 886 1482 952 de
1528 885 1679 952 Situ
1721 887 1937 953 Orbie.
1989 889 2211 954 Saeculi
2250 889 2454 975 quarti

434 999 807 1064 existimatur
856 1000 1025 1068 Vibii
1074 1001 1412 1086 sequestris
1462 1001 1538 1066 de
1581 999 2042 1077 Fluminibus,
2093 1002 2411 1067 Fontibus
2430 1007 2482 1077 ,*

431 1113 742 1177 Laeubue
760 1159 784 1188 ,
832 1124 946 1178 etc.
996 1137 1270 1202 quorum
1310 1114 1495 1200 apud
1528 1127 1756 1200 poetae
1795 1119 2034 1178 mentia
2059 1118 2175 1201 fit,
2217 1116 2460 1180 notitia.‘

379 1201 389 1210 ⁹
433 1227 483 1290 E
514 1227 903 1312 scriptoribus
932 1227 1081 1291 alibi
1118 1228 1467 1292 memoratis
1495 1227 1620 1292 huc
1651 1227 1959 1292 referendi
1996 1229 2232 1293 Plinius
2262 1229 2460 1312 major

435 1350 496 1405 et
531 1339 796 1403 Solinus.
838 1339 1138 1404 Caeterum
1184 1339 1287 1405 hic
1329 1339 1677 1424 adjicienda
1720 1341 1978 1412 veniunt
2021 1336 2279 1405 Nomia
2326 1341 2460 1406 Di·-
2502 1369 2506 1375 ·

428 1456 761 1542 quitatum
813 1451 1179 1543 Utrimque
1221 1453 1509 1539 Imperii
1550 1454 1650 1544 (§.
1694 1451 1888 1541 230.)
1918 1504 1937 1538 ,
1974 1454 2303 1519 calendarii
2341 1479 2464 1541 pu-

429 1566 578 1630 blici
613 1567 884 1652 species3
932 1568 1094 1630 Sexti
1139 1567 1288 1631 Rufi
1330 1579 1389 1633 et
1429 1569 1494 1632 P.
1537 1567 1802 1637 Victoris
1840 1568 2250 1654 topographiae
2292 1570 2464 1634 urbis

434 1682 687 1762 Romae3
740 1678 1192 1765 cosmographia
1245 1680 1489 1744 AEthico
1541 1692 1772 1746 temere
1810 1680 2109 1767 adscripta
2135 1729 2154 1764 ‚
2203 1692 2264 1745 et
2313 1682 2467 1746 Julii

432 1793 689 1858 Honorii
729 1814 764 1857 e
806 1791 1267 1880 cosmographia
1310 1804 1591 1878 excerpta
1616 1842 1634 1876 ,
1686 1794 1836 1857 item
1880 1794 2257 1858 Ravennatis
2298 1817 2464 1859 ano-

432 1906 606 1992 nymi
631 1952 647 1986 ,
677 1905 785 1991 qui
814 1907 1020 1970 saeculi
1044 1907 1182 1975 VH.
1211 1917 1498 1991 putatur,
1526 1906 1948 1995 qeoqrapliioe
1980 1905 2124 1970 libri
2153 1907 2462 1993 quinque3

436 2017 813 2082 Itineraria
853 2017 968 2106 (cf.
1020 2019 1170 2083 Cell.
1223 2016 1455 2107 Gooqr.
1508 2017 1675 2082 Ant.
1717 2020 1761 2082 l.
1802 2019 1853 2082 I.
1889 2039 1943 2084 c.
1982 2014 2123 2105 L),
2160 2019 2334 2104 queis
2370 2021 2467 2083 vel

434 2133 830 2219 topographia
864 2131 1115 2217 Imperii
1144 2132 1416 2195 Romani
1445 2131 1719 2216 depicta,
1747 2134 1842 2196 vel
1874 2120 2325 2218 praecipuorum
2361 2135 2467 2197 lo·—

438 2268 651 2310 corum
680 2268 785 2332 per
824 2246 950 2309 vias
993 2243 1287 2328 Imperii,
1322 2255 1382 2307 et
1423 2245 1882 2309 intervallorum
1925 2245 2216 2311 indicatio
2260 2246 2472 2311 conti-

441 2343 667 2425 netur(
706 2358 929 2423 Prioris
999 2356 1241 2443 generis
1310 2355 1575 2423 Tabula
1621 2347 2193 2448 Paulinqeriana,
2245 2362 2465 2427 Severo

440 2476 814 2561 Imperatore
846 2471 933 2564 (ἲ)
954 2521 971 2555 ,
1001 2474 1157 2537 sacta
1181 2521 1199 2555 ,
1228 2473 1571 2559 posterioris
1608 2473 1940 2539 Antonini
1969 2473 2266 2563 Auqueti
2294 2498 2477 2541 voca-

444 2600 580 2654 tum
608 2588 651 2651 I
656 2591 1051 2653 liner-arium
1072 2633 1091 2662 ,
1123 2587 1225 2651 sed
1256 2588 1474 2653 incerti
1493 2589 1732 2655 serioris
1751 2589 1863 2653 oevi
1884 2590 2165 2655 auctoris.
2188 2591 2474 2677 Denique

437 2702 543 2768 hic
571 2701 912 2787 addantur,
956 2724 1096 2790 quae
1133 2725 1257 2790 quo
1289 2703 1672 2789 potissimum
1702 2702 2016 2768 trahamus
2042 2752 2060 2786 ,
2105 2726 2229 2769 non
2274 2703 2475 2769 habe-
2506 2741 2518 2752 =

434 2840 576 2882 mus
609 2865 628 2900 ‚
692 2817 868 2883 Coelii
953 2816 1153 2901 Apicii
1187 2800 1294 2881 ⁴da
1361 2829 1506 2881 arte
1574 2819 1972 2905 coquinaria
2035 2817 2278 2882 libellus
2325 2865 2344 2900 ‚
2402 2829 2468 2883 et

439 2931 757 2996 Rhemmii
785 2930 1145 2994 Palaemonis
1169 2929 1248 2992 de
1266 2929 1667 3017 ponderibus
1699 2940 1766 2992 et
1787 2932 2119 2995 memneris
2152 2951 2424 2996 carmen
2439 2974 2470 3007 ,

445 3052 706 3129 utraque
734 3043 997 3127 suspecti
1027 3040 1324 3107 nominis.

512 3176 567 3243 1)
589 3175 665 3226 cr.
683 3176 789 3225 cie.
813 3176 886 3227 T.
914 3177 991 3227 D.
1014 3176 1076 3243 1,
1101 3176 1154 3225 2.

539 3294 690 3357 419.
738 3290 835 3356 Ad
868 3290 1182 3357 historiam
1222 3293 1567 3357 naturalem
1595 3293 1861 3358 maxime
1889 3292 2154 3379 pertinet
2187 3292 2470 3377 primarii

446 3412 879 3476 Romanorum
920 3431 993 3473 ex
1030 3430 1102 3473 eo
1147 3431 1378 3494 genere
1423 3409 1770 3495 scriptoris,
1827 3409 1895 3475 C.
1946 3409 2132 3473 Plinii
2181 3408 2430 3493 majoris
2457 3457 2477 3492 ‚

450 3523 657 3589 saeculi
686 3522 909 3607 primi,
942 3532 1176 3587 vastum
1205 3533 1390 3610 atque
1410 3524 1761 3610 encyclium
1784 3571 1803 3606 ,
1834 3544 1907 3586 ex
1934 3521 2280 3586 innumeris
2307 3543 2484 3606 paene

454 3635 805 3700 auctoribus
856 3645 1218 3719 congestum
1272 3657 1446 3721 opus.
1510 3636 1700 3699 Plinii
1746 3633 2188 3720 compendium
2243 3633 2490 3701 exhibet

451 3747 487 3810 J
493 3746 603 3809 ulii
625 3745 822 3810 Solini
858 3744 1234 3833 Polyhistor
1255 3793 1281 3822 ‚
1315 3747 1436 3812 sive
1479 3769 1690 3812 rerum
1730 3746 2228 3812 memorabilium
2259 3750 2489 3816 collec-

450 3868 649 3924 tanea.
684 3859 967 3946 Physices
1010 3871 1154 3924 sunt
1186 3860 1252 3925 L.
1285 3860 1360 3925 A.
1394 3860 1646 3924 Senecae
1671 3857 2117 3925 Naturalium
2154 3858 2490 3946 Quaeetio-

458 3994 618 4036 num
665 3972 804 4035 libri
853 3974 993 4043 Vll.
1055 3975 1217 4038 Rem
1271 3972 1560 4038 rusticam
1624 3973 1906 4059 inprimis
1981 3993 2211 4036 amasse
2269 3975 2493 4059 priscos

456 4086 802 4169 RomanoS,
860 4088 1096 4174 scriptis
1133 4109 1381 4176 quoque
1432 4088 1658 4153 multos
1705 4088 2075 4170 illustrasse,
2120 4108 2306 4174 supra
2333 4088 2501 4153 dixi-

2098 4203 2183 4263 53
