3111 4829
1322 411 1351 500 (
1390 413 1506 478 17³
1544 415 1574 499 )

440 532 721 617 Valerius
755 545 1101 630 Publicolag
1132 546 1321 610 fasces
1356 547 1583 633 populo
1620 542 1979 608 submittens
2014 538 2084 630 1)
2106 589 2125 627 ,
2153 533 2442 627 idemque

440 661 583 724 vitae
612 660 907 747 necisque
947 665 1300 746 potestatem
1334 659 1416 722 -iis
1456 647 1723 743 ademit,
1772 658 1972 744 legem
2020 655 2098 720 de
2143 676 2442 741 provoca-

442 776 612 841 tione
650 776 890 858 ferens,
916 776 1041 842 sive
1065 775 1265 861 potius
1304 796 1340 838 a
1367 773 1645 859 Regibus
1682 773 2023 858 neglectam
2056 791 2340 835 revocans
2362 818 2380 853 ,
2406 790 2446 832 a

442 887 808 958 Consulibus
835 888 1020 954 etiam
1057 908 1186 951 non
1226 888 1416 950 semel
1456 886 1739 950 violatam
1756 933 1775 967 ‚
1823 883 2084 971 ideoque
2127 881 2454 968 repetitam

440 995 527 1090 (§.
559 1004 634 1065 71
650 996 1022 1086 .),ffiextrema
1047 1010 1262 1065 autem
1289 999 1567 1064 libertate
1594 996 1674 1064 ad
1699 1008 1865 1064 certa
1885 1045 1904 1081 ,
1932 1006 2000 1061 ut
2027 996 2302 1080 videtur,
2330 994 2448 1059 cri-

439 1113 608 1180 mina
637 1113 974 1179 restrictam
999 1110 1091 1200 2).
1122 1112 1469 1199 Impensius
1495 1122 1703 1176 autem
1732 1130 1948 1175 eorum
1974 1109 2296 1174 auctoritas
2322 1108 2452 1171 im-

442 1224 648 1311 pedita
680 1246 793 1310 per
834 1225 1139 1289 Tribunos
1162 1225 1364 1290 Plebis
1387 1275 1405 1310 ,
1452 1234 1771 1310 perpetuos
1806 1232 2049 1287 senatus
2075 1233 2259 1308 atque
2299 1219 2453 1285 adeo

445 1338 787 1404 Consulum
819 1336 1207 1403 adversarios.
1240 1339 1462 1423 Magna
1485 1347 1725 1421 tamen,
1752 1337 2027 1422 quamvis
2054 1338 2218 1401 varie
2236 1386 2255 1420 ‚
2287 1336 2455 1403 Cen-

445 1450 712 1535 soribus,
748 1461 881 1534 post
920 1450 1288 1515 Praetoribus
1325 1452 1509 1515 etiam
1552 1452 1768 1516 creatis
1788 1499 1807 1534 ‚
1848 1452 2302 1536 circumscripta
2329 1472 2455 1536 po·-

442 1574 656 1644 testas,
685 1561 764 1626 ad
792 1561 985 1627 finem
1013 1562 1306 1628 libertatis
1334 1565 1667 1648 permansit
1698 1562 1801 1652 3);
1836 1586 1909 1630 ac
1960 1563 2334 1651 quandoque
2383 1565 2455 1629 in

449 1674 798 1762 gravissimo
841 1673 1200 1758 reipublicae
1244 1676 1518 1761 periculo
1572 1676 1816 1744 infinita
1861 1688 1925 1741 et
1971 1699 2080 1762 par
2127 1676 2460 1741 dictatoriae

447 1786 707 1852 dabatur
732 1796 876 1851 noto
906 1786 1012 1851 illo
1049 1798 1293 1852 senatus
1320 1790 1596 1854 consulto
1619 1812 1636 1854 t
1662 1788 1932 1854 videant
1959 1789 2142 1879 (dent
2165 1784 2458 1876 operam)

454 1899 799 1976 Comatae,
839 1924 921 1966 ns
962 1902 1128 1991 quid
1157 1903 1535 1990 respublica
1567 1903 1942 1968 detrimenti
1972 1905 2203 1990 capiat
2237 1898 2326 1989 4).

531 2013 633 2079 Ad
659 2027 1018 2080 consuetam
1058 2037 1201 2081 vero
1227 2017 1553 2081 consulum
1599 2027 1949 2101 potestatem
1979 2038 2125 2079 cum
2153 2015 2286 2079 aliis
2326 2013 2460 2080 haec

447 2124 768 2192 referenda
791 2124 883 2214 5).
907 2128 1138 2211 majora
1165 2128 1435 2213 auspicia
1459 2127 1485 2216 (
1495 2128 1558 2211 §.
1587 2129 1733 2192 152.
1751 2125 1776 2207 )
1796 2175 1815 2209 ,
1843 2137 1904 2191 et
1930 2129 1999 2189 in
2024 2125 2185 2190 bello
2210 2128 2459 2209 Regum

445 2237 779 2323 imperium
824 2237 1139 2303 habebant
1196 2236 1305 2326 6),
1365 2248 1578 2322 utpote
1619 2237 1909 2303 ordinarii
1953 2236 2207 2301 civitatis
2247 2239 2463 2323 impe-

445 2361 710 2434 ταῖσι-ως
736 2349 922 2416 duces
949 2372 1198 2439 quoque
1221 2351 1540 2414 inferiores
1567 2350 1666 2441 (§.
1702 2353 1829 2414 247
1849 2360 1912 2414 et
1939 2347 2148 2438 366.),
2182 2361 2242 2416 et
2267 2351 2335 2413 in
2362 2349 2461 2414 his

450 2485 522 2528 ex
550 2472 725 2547 parte
749 2465 1003 2549 Legatos
1040 2475 1103 2529 et
1127 2465 1431 2529 Tribunos
1469 2463 1738 2528 militum
1766 2462 2070 2551 legebant.
2112 2462 2334 2528 Iisdem
2354 2462 2463 2549 jus

446 2585 727 2641 senatum
775 2586 837 2641 et
872 2579 1173 2662 populum
1217 2598 1584 2669 convocare,
1636 2579 1958 2665 utriusque
1995 2577 2460 2665 congregationi

445 2709 701 2773 praeesse
718 2737 739 2772 ‚
769 2701 1050 2754 senatum
1079 2688 1157 2755 de
1186 2690 1359 2763 omni
1398 2690 1715 2777 republica
1743 2693 2060 2769 consulere
2084 2741 2103 2775 ‚
2145 2692 2222 2757 ad
2249 2714 2460 2779 popu-

445 2801 581 2865 lum
609 2784 796 2887 'leges
816 2848 836 2885 ,
878 2802 1167 2886 inprimis
1201 2802 1463 2867 comitiis
1512 2805 1867 2870 centuriatis
1887 2855 1906 2890 ,
1949 2808 2109 2870 ferre
2131 2855 2150 2890 ,
2189 2817 2250 2870 et
2291 2802 2460 2890 jussa

446 2914 767 3000 utriusque
796 2914 1013 3000 exequi
1029 2938 1053 2998 3-
1080 2914 1311 2979 scilicet
1337 2926 1398 2979 et
1424 2917 1713 2982 omnibus
1739 2919 2210 3005 magistratibuS,
2240 2930 2459 3003 praeter

447 3025 745 3089 Tribunos
772 3024 973 3088 Plebis
995 3075 1014 3109 ‚
1055 3026 1439 3111 imperabant
1465 3026 1570 3116 7),
1600 3040 1892 3095 caeterum
1933 3030 2169 3095 vicariis
2193 3033 2459 3096 maxime

446 3139 812 3203 Praetoribus
846 3150 1108 3207 utentes.
1147 3142 1430 3227 Denique
1466 3144 1921 3227 provinciarum
1958 3165 2204 3230 quoque
2242 3144 2316 3207 iis
2337 3193 2356 3228 ,
2387 3154 2460 3207 ut

447 3251 831 3336 principibus
872 3262 1115 3318 senatus
1137 3301 1157 3337 ,
1203 3275 1443 3320 summa
1484 3244 1929 3320 administratio
1950 3303 1968 3340 ,
2020 3268 2081 3321 et
2127 3256 2456 3343 pecuniam

443 3361 757 3447 publicam
791 3361 815 3451 (
834 3364 894 3449 ς.
922 3360 1117 3450 393.)
1157 3363 1237 3430 ad
1269 3364 1418 3430 belli
1456 3368 1839 3434 necessitates
1873 3369 1970 3433 vel
2013 3368 2144 3435 sine
2176 3381 2459 3436 senatus-

442 3479 721 3542 consulto
768 3476 1121 3563 erogabant.

513 3736 562 3797 ι)
593 3737 700 3788 mv.
722 3738 783 3805 a,
808 3738 872 3803 7,
908 3738 1015 3790 cio.
1049 3740 1112 3790 a·
1143 3738 1277 3805 nep.
1306 3739 1369 3807 s,
1392 3740 2110 3807 51.-2)cr.c10.1›m.1‚
2132 3736 2341 3804 9.-3)
2374 3728 2474 3792 cr<

444 3826 650 3877 Schulze
669 3844 783 3895 pag.
819 3829 1087 3891 loz—⁴)
1115 3830 1233 3881 8211.
1263 3830 1373 3883 Cat.
1404 3830 1499 3896 25,
1531 3831 1623 3882 Εο
1642 3838 1864 3895 potestas
1890 3848 1989 3896 per·
2018 3838 2279 3897 matum,
2314 3846 2456 3882 mon

444 3916 675 3968 Romano
695 3956 712 3985 ,
743 3925 1069 3986 maqietram
1102 3926 1327 3973 maxima
1354 3924 1708 3988 permittitur:
1730 3926 2001 3973 uomitum
2018 3940 2208 3989 parare
2224 3958 2245 3988 ‚
2266 3922 2452 3973 Beuum

440 4022 626 4073 ywere,
651 4025 870 4060 coercere
888 4013 1122 4061 omnibus
1143 4014 1305 4062 modis
1324 4014 1483 4061 socios
1503 4018 1654 4075 atque
1673 4014 1831 4077 cives,
1854 4014 1994 4063 domo·
2003 4048 2020 4079 ,
2036 4014 2329 4079 militiaque
2347 4015 2448 4061 im-

442 4097 645 4157 per-‘um
677 4104 829 4164 atquc
849 4099 1110 4163 ,iudicium
1145 4116 1401 4152 summum
1436 4098 1634 4153 habero.
1672 4101 1868 4168 Aliter,
1907 4103 2021 4153 sinc
2047 4103 2235 4167 populi
2253 4104 2410 4167 jum
2428 4086 2464 4165 ,ἡ
