3111 4829
1510 413 1537 498 ‹
1575 412 1698 474 ³⁹0
1737 413 1765 506 ›

608 544 835 609 debant
864 543 954 633 1),
985 559 1277 613 manente
1304 560 1510 613 tamen
1545 559 1608 612 et
1631 548 1845 633 capitis
1873 547 2143 635 quodam
2165 595 2184 631 ‚
2222 558 2297 612 ut
2320 569 2467 613 sane
2498 569 2650 613 cre-

528 645 531 646 ⁷
608 656 859 743 derem,
900 661 1127 746 tributo
1155 660 1275 751 (cf.
1302 661 1363 744 §-
1402 656 1592 747 145.)
1619 662 1706 725 Ex
1728 683 1920 726 censu
1957 662 2200 748 gravius
2233 661 2511 726 leviusve
2534 685 2656 748 pro

613 771 966 856 reipublicae
1006 775 1358 841 necessitate
1382 823 1399 858 ,
1440 797 1563 861 qua
1595 774 1910 862 flagitante
1948 776 2132 840 etiam
2175 774 2254 840 ad
2300 775 2662 840 extraordi-
2741 843 2752 850 ,

614 886 785 950 naria
810 935 827 971 ,
854 889 1253 954 temerarium
1285 887 1377 976 2),
1416 889 1867 955 recurrebatur.
1900 889 2042 954 Pari
2064 888 2245 953 modo
2276 899 2481 974 postea
2504 889 2663 953 socii

616 1013 678 1064 et
723 1004 1119 1086 provinciales
1148 1051 1167 1086 ‚
1214 1003 1305 1066 ini
1358 1025 1429 1068 ex
1478 1002 1728 1068 foederis
1771 1002 2125 1068 conditione
2148 1050 2165 1084 ‚
2210 1000 2280 1065 hi
2340 1001 2541 1087 magis
2579 1024 2665 1078 *ex

617 1115 923 1179 victorum
967 1115 1218 1180 arbitrio
1270 1112 1366 1206 (§.
1418 1111 1614 1203 243.)
1657 1115 1960 1180 tributum
1987 1164 2004 1199 ‚
2035 1113 2203 1179 unde
2246 1113 2556 1178 tributarii
2598 1125 2669 1178 et

622 1229 1003 1315 stipendiarii
1031 1230 1352 1314 dicuntur,
1396 1232 1623 1319 populo
1668 1232 1949 1297 Romano
1977 1229 2104 1293 sive
2142 1227 2390 1315 capitis,
2425 1229 2548 1292 sive
2581 1249 2671 1292 ex

621 1364 813 1408 censu
837 1392 855 1426 ‚
900 1345 1062 1427 sive,
1112 1346 1165 1408 si
1205 1346 1315 1430 qui
1361 1346 1570 1427 suere,
1617 1357 1955 1429 utrumque
1999 1342 2354 1428 pendebant
2412 1339 2503 1429 3).
2531 1339 2688 1423 Sed⁴

628 1456 865 1523 civibus
896 1459 1003 1523 illa
1040 1459 1268 1523 tributa
1293 1469 1422 1544 post
1452 1459 1763 1522 subactam
1794 1453 2220 1521 Macedoniam
2246 1452 2331 1544 (a.
2367 1450 2554 1540 586.)
2578 1453 2664 1519 ad

619 1571 801 1640 Hirtii
834 1583 896 1636 et
933 1572 1144 1637 Pansae
1171 1573 1557 1638 consulatum
1585 1569 1925 1636 condonata
1955 1563 2045 1655 4).

689 1735 742 1789 1)
774 1735 1061 1798 wnegzw.
1083 1734 1399 1799 μαι-9)
1428 1734 1504 1783 cr.
1531 1734 1642 1792 mv.
1664 1733 1759 1799 26,
1797 1733 1863 1783 55
1884 1731 2052 1795 otae,
2074 1731 2211 1781 rent.
2253 1732 2308 1782 in
2336 1732 2672 1783 tra-mm.
2727 1715 2740 1730 “

623 1824 759 1888 σ-δ)
784 1824 860 1873 Cf.
884 1824 992 1873 Liv.
1026 1823 1126 1889 45,
1168 1821 1262 1889 29,
1305 1824 1593 1889 Dionys.3,
1635 1823 1735 1888 60,
1772 1822 1844 1889 4,
1879 1822 1983 1888 152,
2022 1823 2145 1874 Tac.
2176 1823 2323 1874 Ann-
2359 1822 2456 1887 13,
2492 1822 2666 1873 51.V.

627 1913 829 1976 Hegew.
851 1929 906 1978 p.
929 1914 1015 1964 66.
1033 1942 1095 1952 -
1114 1913 1170 1980 4)
1194 1914 1258 1963 V.
1283 1913 1389 1963 Cio.
1412 1915 1475 1964 de
1499 1913 1604 1978 Off.
1624 1913 1685 1977 2,
1707 1912 1793 1962 22.

717 2056 871 2118 390.
917 2053 1047 2117 Illis
1071 2053 1398 2138 ampliores
1429 2053 1639 2138 *multo
1670 2062 1843 2117 erant
1867 2050 2102 2116 reditus
2125 2051 2520 2137 vectigalium
2544 2072 2675 2114 no-

628 2165 800 2230 mine
825 2164 1281 2252 comprehensi,
1307 2164 1499 2252 quod,
1531 2166 1582 2230 si
1607 2167 1821 2253 utique
1843 2189 1878 2231 a
1900 2165 2181 2231 vehendo
2217 2164 2622 2231 derivandum
2643 2214 2667 2248 ‚
2769 2209 2774 2213 -

628 2281 830 2365 primo
856 2279 934 2344 ad
956 2303 1191 2345 merces
1211 2291 1452 2346 tautum
1475 2281 1838 2368 pertinuisse
1859 2281 2180 2366 conjicias3
2204 2293 2498 2346 coeterum
2521 2297 2663 2344 om-

630 2393 781 2457 nino
810 2391 887 2458 de
925 2393 1189 2479 publicis
1224 2394 1520 2459 reditibus
1542 2443 1560 2477 ,
1581 2419 1655 2459 ra
1665 2418 1727 2460 ro
1749 2407 1955 2461 tamen
1981 2406 2044 2461 et
2069 2396 2278 2460 miuus
2303 2392 2560 2481 *proprie
2583 2391 2671 2459 de

633 2528 824 2570 censu
864 2518 973 2570 aut
997 2507 1214 2591 capitis
1253 2507 1483 2572 tributo
1524 2518 1878 2595 usurpatur.
1903 2507 2108 2577 Verba
2152 2507 2232 2572 de
2271 2530 2341 2572 re
2384 2508 2672 2572 solennia

633 2620 944 2704 vectigalis
978 2668 995 2703 ,
1051 2619 1311 2705 vectigal
1373 2621 1692 2705 imponere
1717 2668 1735 2704 ,
1797 2619 2068 2686 vendere
2094 2668 2111 2703 ,
2175 2622 2385 2685 locare
2405 2669 2422 2703 ,
2487 2620 2667 2685 redi-

633 2751 836 2814 mere,
870 2742 985 2795 etc.
1018 2731 1189 2794 Inter
1221 2729 1529 2796 ordinaria
1551 2741 1762 2797 autem
1787 2779 1805 2814 ,
1839 2740 2152 2796 crescente
2188 2731 2487 2818 Imperio,
2512 2726 2672 2816 pau-

634 2842 807 2907 latim
854 2842 1201 2909 introducta
1249 2855 1673 2909 memorantur
1724 2844 1984 2930 vectigal
2047 2866 2121 2909 ex
2164 2866 2311 2931 agro
2366 2843 2619 2930 publico
2647 2894 2668 2930 ‚

634 2977 859 3041 pascua
909 2978 1194 3044 quoque,
1242 2979 1367 3044 quo
1410 2955 1673 3021 trabitur
1699 2979 1824 3021 -vox
1872 2958 2172 3043 scriptura
2222 2957 2328 3045 1),
2367 2969 2428 3023 et
2473 2959 2671 3047 sylvas

580 3054 583 3059 ¹
635 3071 843 3155 pecori
874 3071 1173 3157 pascendo
1209 3072 1695 3157 complectente3
1730 3072 1995 3157 portoria
2038 3071 2118 3162 (a
2154 3052 2385 3160 porto,
2409 3072 2627 3138 dubito
2648 3123 2670 3158 ,

633 3206 719 3248 nn
754 3208 790 3249 a
825 3183 1126 3273 portus),
1169 3186 1235 3249 in
1266 3196 1483 3268 portu,
1515 3184 1584 3248 in
1620 3185 2076 3270 provinciarum
2109 3185 2341 3251 finibus
2363 3233 2385 3269 ,
2425 3187 2494 3251 in
2539 3186 2669 3251 flu-

637 3300 883 3363 minum
909 3300 1165 3364 transitu
1186 3346 1204 3382 ,
1230 3296 1307 3362 de
1337 3298 1649 3363 mercibus
1683 3298 1970 3363 solvenda
1995 3296 2101 3387 2),
2133 3298 2305 3363 uude
2325 3299 2674 3385 portorium

639 3412 1022 3477 maritimum
1046 3460 1063 3495 ,
1102 3411 1229 3474 viui
1256 3458 1273 3493 ,
1312 3411 1513 3497 pontis
1536 3459 1553 3494 ,
1594 3422 1711 3476 etc.
1758 3407 1863 3499 3),
1904 3413 2166 3497 expulsis
2208 3414 2518 3500 RegibuS‚
2542 3415 2675 3479 im-

639 3527 885 3590 minuta
918 3537 1024 3590 aut
1066 3548 1132 3589 su
1180 3544 1381 3610 pressa
1405 3574 1424 3610 ,
1464 3536 1600 3611 post
1639 3535 1803 3590 certe
1843 3526 2122 3593 restituta
2153 3522 2253 3615 4),
2282 3538 2576 3591 caeterum
2603 3529 2674 3594 in

640 3640 816 3705 Italia
858 3640 936 3704 ab
974 3662 1030 3704 a.
1064 3642 1147 3703 69
1250 3636 1478 3703 abolita
1511 3634 1619 3725 5),
1650 3637 1757 3703 sed
1803 3662 1840 3705 a
1872 3640 2106 3706 Caesare
2136 3638 2203 3727 6)
2240 3661 2311 3704 ex
2342 3650 2513 3725 parte
2555 3663 2675 3705 re-

526 3791 530 3794 <
640 3754 891 3836 stituta3
935 3750 1251 3837 vectigalia
1294 3772 1365 3817 ex
1410 3752 1714 3836 metallis,
1741 3773 1882 3839 quae
1923 3753 2189 3819 maxima
2220 3752 2288 3817 in
2329 3753 2625 3841 Hispania
2653 3802 2675 3838 ,

643 3865 885 3950 Illyria,
918 3866 1270 3931 Macedonia
1301 3877 1362 3932 et
1388 3867 1601 3932 Africa
1632 3864 1740 3954 7),
1774 3889 1810 3932 e
1839 3868 1961 3932 sale
1993 3864 2095 3956 8);
2125 3866 2413 3932 vicesima
2441 3889 2678 3933 manu·
2767 3862 2791 3890 “

644 3978 1007 4043 missionum
1027 4027 1045 4064 ,
1070 4003 1292 4045 aurum
1327 3982 1780 4055 vicesimarium
1811 3982 1838 4074 (
1851 3986 1913 4070 §.
1948 3978 2100 4069 60.)
2118 4029 2137 4065 ‚
2169 4003 2205 4047 e
2237 3980 2681 4046 manumissio—

648 4091 836 4158 nibus
863 4091 953 4181 9).
986 4096 1061 4159 In
1087 4096 1220 4162 aliis
1247 4096 1480 4164 reditus
1505 4120 1541 4164 e
1573 4109 1947 4166 sacramento
1972 4095 1998 4185 (
2014 4098 2072 4183 ς.
2106 4098 2259 4164 271.
2282 4120 2347 4163 a.
2371 4091 2399 4183 )
2422 4144 2441 4180 ,
2463 4095 2681 4161 'mulc-
