3111 4829
1513 399 1765 484 (¹20)

655 523 855 592 talium,
871 524 1018 575 scisse
1038 526 1260 577 existimo
1283 561 1299 591 ,
1322 543 1435 591 qua
1457 531 1522 580 sit
1540 531 1648 594 agri
1681 525 1871 596 publici
1908 531 2034 581 ratio
2054 568 2070 595 ,
2111 530 2391 587 &soluisse
2419 546 2449 579 a
2480 533 2668 583 lectore

656 615 877 681 intelligi.
901 616 980 665 Sic
1002 618 1249 681 reputanti
1271 617 1333 667 de
1352 634 1470 683 agro
1491 622 1694 670 omnino
1714 622 1853 684 loqui
1891 621 2087 671 videtdr
2108 658 2124 686 ,
2148 637 2308 684 eoque
2351 622 2511 670 minus
2534 621 2669 688 justa
2721 644 2734 655 κ

653 719 800 755 causa
834 705 1032 756 subesse
1050 746 1066 771 ι
1104 722 1196 756 cur
1231 708 1370 757 locus
1392 709 1604 774 Appiani
1638 709 1701 758 ad
1723 710 1980 759 Niebuhrii
2022 712 2314 762 sententiam
2358 712 2670 761 emendando

653 795 991 846 conformetur
1017 796 1102 861 (v.
1127 796 1298 846 Crem.
1319 795 1496 865 §.154
1519 799 1537 863 )
1579 800 1696 862 Qum
1719 798 1759 848 si
1774 815 1918 864 vera,
1954 800 2183 863 equidem
2205 816 2305 849 non
2344 801 2487 849 video
2508 838 2524 865 ,
2544 817 2671 865 quo-

651 886 797 936 modo
818 901 1056 951 pauperes
1076 885 1162 934 diu
1178 889 1335 935 tutata
1360 894 1487 936 esset
1500 889 1579 937 lex
1595 890 1902 954 Sempronia.
1928 890 2055 953 Quid
2075 892 2208 939 enim
2231 891 2422 940 miseris
2454 893 2561 955 agri
2583 906 2674 956 pu-

648 975 770 1024 blici
789 990 877 1040 per
900 974 1093 1023 Italiam
1124 974 1465 1039 relinquetur,
1501 978 1541 1026 si
1565 978 1800 1028 divitibus
1823 979 2207 1043 quibuscunque
2228 996 2288 1029 ex
2310 996 2370 1029 eo
2396 981 2670 1044 quingenta

640 1066 843 1129 jugera,
885 1064 938 1112 in
964 1063 1280 1126 singulosque
1322 1064 1451 1114 filios
1485 1068 1692 1116 familias
1739 1070 1938 1132 insuper
1959 1069 2172 1117 ducenta
2217 1074 2268 1117 et
2311 1070 2673 1135 quinquaginta

553 1142 560 1157 ⁴
646 1154 891 1218 possidere
903 1148 1141 1204 licuerit?
1160 1182 1224 1195 -
1243 1153 1644 1223 6)V.P01yh.2
1663 1195 1679 1222 ‚
1709 1158 1811 1223 21,
1836 1158 1939 1206 eie.
1964 1160 2024 1207 ae
2042 1158 2193 1222 [1299.
2218 1156 2252 1206 5
2269 1194 2285 1221 ‚
2308 1157 2341 1206 9
2373 1164 2425 1207 et
2456 1158 2539 1208 20.

741 1321 888 1385 135.
938 1319 1476 1402 Quemadmodum
1510 1319 1808 1385 Patricius
1836 1341 1872 1382 a
1902 1319 2176 1403 patribus
2206 1320 2328 1383 sive
2352 1320 2668 1384 senatori-

646 1432 796 1517 bus,
828 1454 979 1519 quos
1004 1436 1310 1499 Romulus
1352 1434 1613 1517 creavit,
1658 1432 1743 1497 ita
1782 1432 2093 1517 Equestris
2134 1430 2385 1495 Ordinis
2422 1432 2595 1519 origo
2633 1454 2668 1499 a

644 1546 840 1611 tribus
884 1548 1164 1635 equitum
1208 1548 1540 1630 centuriis,
1585 1545 2083 1611 Rhamnensium
2134 1543 2250 1633 1),
2294 1546 2672 1612 Tatiensium

643 1679 699 1722 v.
733 1658 1131 1742 Titiensium,
1158 1671 1219 1723 et
1255 1661 1602 1743 Lucerum,
1648 1657 2009 1742 deducitur,
2034 1680 2187 1745 quas
2221 1658 2388 1724 idem
2428 1661 2569 1726 Rex
2591 1659 2670 1725 ad

642 1771 910 1855 corporis
949 1770 1287 1836 custodiam
1329 1771 1422 1856 (§.
1472 1769 1667 1857 364.)
1715 1770 2006 1836 Celerum
2048 1771 2302 1836 nomine
2344 1773 2673 1838 instituisse

642 1881 900 1947 traditur
921 1932 940 1966 ‚
990 1883 1115 1973 sive
1163 1906 1201 1947 a
1248 1884 1461 1950 Celere
1485 1932 1503 1966 ,
1551 1881 1828 1948 Tribuno
1854 1930 1873 1965 ,
1921 1883 2045 1947 sive
2093 1894 2387 1970 tanquam
2440 1886 2675 1950 veloces

640 1994 968 2081 adpellatas
1001 1993 1097 2083 2).
1137 1997 1261 2060 Hos
1294 1995 1529 2081 equites
1552 2018 1589 2059 e
1610 1996 1984 2081 primoribus
2003 1997 2241 2061 civibus
2260 2046 2279 2082 ,
2310 2008 2493 2085 atque
2519 1997 2671 2064 adeo

640 2130 675 2171 e
700 2107 967 2194 patriciis
991 2110 1177 2174 lectos
1203 2130 1330 2174 esse
1351 2157 1371 2194 ,
1402 2120 1646 2174 certum
1682 2108 1937 2195 quidem
1960 2132 2087 2174 non
2114 2120 2240 2193 est,
2278 2109 2381 2175 sed
2402 2113 2497 2177 vel
2525 2110 2663 2176 ideo

638 2222 888 2308 propius
925 2244 1102 2308 vero,
1132 2224 1430 2310 quoniam
1462 2224 1588 2288 suis
1615 2223 1789 2311 equis
1814 2223 2102 2289 militasse
2134 2224 2440 2289 videntur.
2475 2224 2665 2293 Cele-

638 2358 780 2401 rum
801 2336 1034 2402 cohorti
1052 2385 1070 2422 ,
1099 2359 1298 2425 quum
1319 2337 1581 2425 singulae
1594 2337 1890 2403 centuriae
1911 2337 1990 2403 ad
2016 2350 2317 2403 trecentos
2338 2337 2406 2428 3)
2431 2339 2668 2427 equites

635 2449 962 2513 crevissent
991 2498 1010 2534 ,
1068 2451 1441 2537 Tarquinius
1481 2451 1549 2515 P.
1603 2450 1858 2516 totidem
1910 2449 1988 2517 de
2040 2452 2218 2537 plebe
2236 2501 2254 2535 ,
2307 2464 2376 2518 ut
2425 2476 2669 2539 prorsus

629 2562 1050 2627 existimamus
1073 2610 1091 2645 ,
1138 2564 1324 2627 lectas
1344 2611 1365 2645 ,
1420 2562 1665 2627 servatis
1721 2574 1928 2626 tamen
1999 2564 2208 2651 priscis
2268 2565 2624 2631 nominihus
2649 2615 2666 2647 ‚

631 2668 865 2736 addidit
889 2668 979 2758 4).
1011 2670 1168 2735 Exin
1188 2672 1428 2758 equites
1452 2671 1625 2735 mille
1653 2672 2027 2757 octingenti,
2059 2684 2120 2737 et
2140 2671 2632 2739 Rhamnensium
2653 2725 2669 2758 ,

629 2784 1010 2849 Tatiensium
1038 2795 1100 2849 et
1125 2786 1435 2851 Lucerum
1455 2785 1524 2848 in
1548 2785 1779 2870 primos
1808 2795 1869 2849 et
1897 2785 2196 2850 secundos
2219 2785 2453 2852 divisio.
2477 2788 2669 2852 Senas

627 2896 808 2963 hasce
827 2897 1135 2964 centurias
1169 2895 1248 2985 5)
1279 2896 1525 2962 Servius
1545 2946 1564 2981 ,
1595 2897 1894 2962 exercitus
1921 2898 2186 2963 formam
2225 2911 2505 2984 mutam,
2536 2923 2665 2968 una

627 3035 773 3078 cum
809 3012 944 3077 aliis
989 3011 1317 3078 duodecim
1359 3011 1577 3098 primae
1605 3010 1839 3075 civium
1861 3011 2032 3076 classi
2058 3059 2076 3095 ,
2110 3011 2249 3077 dato
2284 3013 2470 3078 etiam
2505 3036 2665 3101 equo

626 3126 875 3213 publico
902 3174 921 3210 ,
969 3125 1139 3190 unde
1187 3148 1346 3214 equo
1386 3124 1652 3211 publico
1703 3146 1997 3199 merere,
2043 3123 2269 3210 adjecit
2309 3124 2408 3213 6).
2451 3126 2666 3213 Neque

627 3240 836 3304 minus
878 3250 1013 3326 post
1064 3242 1267 3325 Reges
1300 3239 1546 3303 ‘exactos
1585 3261 1620 3303 e
1663 3238 2000 3324 priscorum
2046 3240 2331 3328 equitum
2371 3240 2667 3327 progenie
2725 3283 2732 3290 -

625 3354 965 3438 equitatus,
1005 3364 1067 3417 et
1107 3374 1245 3439 quae
1290 3352 1591 3438 posterius
1628 3351 1979 3438 legionibus
2008 3351 2232 3418 additae
2252 3353 2532 3439 equitum
2556 3374 2668 3417 co-

624 3465 857 3551 hortes,
875 3467 1048 3531 lectae
1068 3466 1507 3550 inveniuntur,
1531 3468 1812 3552 quamvis
1834 3479 1969 3532 tum
1991 3489 2239 3554 quoque
2261 3475 2495 3532 mutata
2514 3486 2665 3531 cum

625 3581 880 3645 omnino
904 3579 1142 3644 militiae
1158 3628 1176 3664 ,
1210 3590 1345 3643 tum
1368 3580 1668 3645 exercitus
1686 3580 2015 3645 ordinandi
2039 3582 2270 3646 ratione
2292 3577 2392 3667 7).

695 3739 756 3806 1)
792 3742 1092 3790 Ramnenses
1131 3739 1282 3806 (rh.)
1306 3741 1572 3830 ‚Rhamnes
1596 3757 1798 3806 quoque
1833 3741 1983 3803 dicti,
2017 3747 2074 3790 ut
2096 3740 2147 3788 in
2168 3739 2316 3805 Prop.
2350 3737 2384 3789 4
2401 3776 2417 3803 ,
2462 3741 2485 3789 1
2510 3777 2525 3803 ,
2543 3741 2626 3792 ’51
2651 3779 2667 3806 ,

626 3833 748 3879 binc
773 3831 974 3880 Tenem
1000 3832 1325 3896 Ramnesque
1364 3835 1493 3896 viri,
1516 3831 1833 3895 Luceresque
1865 3831 2050 3880 coloni.
2073 3829 2148 3876 Cl'.
2172 3829 2291 3877 Hor.
2310 3863 2328 3893 ‚
2361 3830 2429 3878 A.
2455 3829 2522 3878 P.
2541 3829 2632 3881 5⁴1
2655 3870 2670 3894 ,

628 3920 750 3967 celsi
777 3928 1090 3981 praemunt
1124 3930 1332 3972 austera
1362 3930 1597 3985 poemata
1631 3921 1855 3971 Ramnes
1872 3955 1890 3983 ,
1932 3918 2019 3967 ubi
2054 3918 2279 3968 Ramnes
2317 3918 2380 3967 de
2418 3919 2670 3984 equitibus

630 4008 1026 4073 universa—2)
1051 4011 1112 4060 V.
1131 4012 1264 4059 Fest-
1290 4012 1341 4058 in
1368 4013 1588 4074 Celeres,
1614 4013 1746 4060 Plut.
1767 4012 1819 4058 in
1843 4009 1992 4058 Rom.
2005 4044 2023 4071 ‚
2053 4009 2195 4058 ovid.
2222 4010 2367 4060 Fau.
2391 4011 2452 4073 4,
2473 4010 2587 4059 837.
2604 4038 2663 4047 -—

629 4099 699 4166 ὅ)
720 4100 798 4149 An
832 4096 1106 4150 ducentos?
1141 4102 1219 4150 Cf.
1252 4101 1360 4149 Cic.
1383 4102 1446 4149 de
1466 4100 1596 4163 Rvp.
1625 4101 1690 4164 Ξ,
1720 4099 1804 4147 20.
1827 4126 1885 4136 --
1906 4096 1967 4161 4)
1992 4097 2054 4145 V.
2075 4098 2178 4147 Liv.
2206 4097 2264 4163 1,
2287 4099 2370 4149 56.
2391 4126 2449 4138 -—
2473 4100 2535 4164 5)
2555 4101 2666 4147 Ni«-
