3111 4829
1334 397 1360 477 (
1404 393 1520 456 183
1562 392 1588 477 )

449 549 605 593 rare
622 575 651 607 ,
688 532 1021 595 «estimare
1039 525 1112 615 ,)
1153 536 1445 613 tanquam
1485 523 1881 589 aestimatores
1905 572 1925 609 ,
1952 523 2216 613 ideoque
2238 525 2466 593 Graeois

448 650 683 730 τιμηταὶ
706 693 725 728 ,
766 666 996 709 munus
1035 653 1244 708 autem
1280 663 1540 707 censura
1594 639 1893 727 adpellata
1919 636 2008 729 1).
2057 643 2348 710 Censores
2387 643 2460 706 iu

447 761 639 826 libera
677 759 919 825 civitate
957 759 1174 846 quinto
1215 778 1460 845 quoque
1508 777 1711 840 anno,
1746 778 1869 843 quo
1916 777 2171 820 censum
2209 778 2467 822 renova-

447 884 582 938 tum
648 872 912 937 diximus
934 920 951 955 ‚
1004 870 1318 936 interdum
1372 881 1581 936 tamen
1624 871 1857 955 majore
1908 870 2223 936 intervallo
2278 893 2468 936 crea-

444 987 707 1071 bantur;
758 996 1013 1073 potestas
1051 995 1262 1050 autem
1298 982 1464 1069 justo
1503 984 1747 1070 longior
1788 983 2053 1048 libertati
2076 1030 2102 1059 ,
2145 984 2311 1050 unde
2333 986 2468 1069 jam'

445 1113 581 1165 tum
625 1100 795 1166 haud
837 1100 1121 1186 exiguam
1165 1099 1352 1164 fuisse
1391 1098 1749 1184 colligereS,
1783 1109 1915 1184 post
1953 1097 2284 1163 secundam
2313 1120 2495 1198 cen-1

449 1236 651 1280 suram
693 1215 831 1301 lege
857 1214 1109 1279 AEmilia
1146 1235 1357 1278 annua
1394 1223 1455 1277 et
1498 1212 1801 1276 semestris
1844 1213 2001 1277 facta
2047 1210 2116 1299 2)
2142 1261 2159 1296 ,
2205 1235 2314 1300 per
2354 1236 2466 1278 re—

445 1329 688 1414 liquum
705 1328 883 1392 lustri
912 1328 1185 1392 censoria
1212 1327 1414 1392 officia
1442 1325 1769 1390 AEdilibus.
1787 1324 1854 1416 (§
1882 1323 2085 1412 209.),
2111 1338 2181 1390 ut
2201 1327 2465 1390 maxime
2493 1321 2496 1322 ⁷

445 1441 757 1505 crederem
779 1489 798 1524 ,
838 1452 971 1527 post
1013 1442 1276 1505 Praetore
1314 1440 1496 1504 etiam
1540 1437 1858 1523 implente.
1906 1438 2185 1502 Primum
2231 1440 2468 1526 diuque

445 1573 480 1614 e
526 1551 792 1637 patriciis
835 1549 957 1639 (ad
998 1573 1058 1618 a.
1111 1547 1385 1638 404?)‚
1423 1549 1569 1614 dein
1610 1550 1954 1634 promiscue
1979 1599 1997 1634 ,
2046 1562 2105 1615 et
2144 1551 2459 1615 interdum

445 1664 627 1729 ambo
664 1662 742 1727 de
780 1662 958 1748 plebe
994 1663 1220 1747 creati,
1269 1663 1373 1727 sed
1414 1665 1779 1750 plerumque
1818 1666 2181 1730 consulares.
2236 1667 2466 1748 Digni-

444 1777 581 1842 tatis
624 1776 1006 1862 praecipuum
1045 1775 1330 1842 mandata
1372 1799 1619 1842 morum
1659 1799 1809 1841 cura
1835 1825 1853 1860 ,
1888 1788 1949 1842 et
1983 1800 2194 1842 omnes
2217 1779 2463 1844 ordines

446 1888 699 1955 notandi
728 1890 871 1976 jus,
919 1889 947 1980 (
962 1889 1129 1956 unde
1170 1901 1313 1956 nota
1331 1937 1350 1975 ,
1392 1888 1833 1956 animadversio
1853 1939 1872 1976 ‚
1920 1892 2261 1978 ignominia
2298 1916 2464 1958 cen-

455 2003 654 2093 oria,)
697 2004 961 2069 dubium
994 2002 1097 2092 3),
1131 2027 1255 2092 quo
1289 2016 1602 2091 tempore,
1628 2005 1757 2088 vel,
1785 2006 1833 2069 si
1857 1976 2243 2072 Zamosciinm
2267 2058 2284 2092 ,
2306 2011 2459 2075 Livii

444 2121 578 2184 loco
604 2168 621 2202 ,
661 2119 748 2188 lv
769 2166 787 2201 ,
823 2120 940 2200 24,
962 2119 1263 2182 nitentem
1285 2165 1303 2201 ,
1341 2119 1659 2205 sequimur
1679 2166 1697 2200 ‚
1735 2117 1911 2181 initio
1942 2141 2222 2194 concessa
2255 2119 2342 2210 4).
2384 2125 2460 2188 ln

448 2244 727 2298 senatum
768 2233 1252 2318 Equestremque
1290 2230 1591 2296 Ordinem
1644 2242 1704 2295 et
1745 2231 1990 2318 legendi
2016 2282 2033 2317 ,
2072 2245 2134 2297 et
2174 2235 2462 2325 indignos

446 2345 736 2412 movendi
756 2346 1093 2414 Censorum
1128 2345 1234 2431 jus
1272 2345 1339 2409 in
1380 2356 1642 2432 utroque
1677 2345 1894 2410 ordine
1935 2349 2429 2419 memoravimus,

517 2507 566 2574 1)
587 2506 696 2556 Liv.
719 2506 789 2570 4,
812 2506 1018 2573 8.-9)
1038 2506 1102 2555 V.
1138 2505 1245 2555 Liv.
1266 2506 1327 2569 4,
1351 2506 1519 2556 24-
1540 2507 1595 2572 5)
1618 2507 1692 2558 Cf.
1715 2507 1820 2557 Liv.
1852 2509 1919 2575 4,
1945 2510 1996 2560 8.
2019 2512 2155 2577 —4)
2179 2512 2370 2581 Lim-5,
2391 2514 2422 2563 8
2443 2554 2463 2581 ,

445 2599 594 2649 Idem
616 2598 699 2646 lu'c
721 2613 895 2646 onnus
926 2613 1154 2645 coneum
1174 2599 1385 2646 initium
1413 2597 1549 2662 fuit,
1585 2602 1664 2647 ren·
1682 2617 1714 2648 a
1739 2617 1909 2663 parva
1945 2604 2144 2668 ort’qn'ne
2163 2612 2311 2670 ortoe,
2345 2623 2462 2670 «μω

443 2688 627 2739 deindo
656 2694 795 2736 tanto
827 2688 1130 2735 incremento
1156 2692 1309 2735 aucta
1345 2694 1418 2735 eet
1436 2724 1452 2750 ,
1486 2694 1548 2735 ut
1578 2704 1776 2737 morum
1813 2690 2199 2756 disciplinasque
2237 2711 2462 2743 romanco

441 2794 597 2843 penes
617 2792 729 2825 eam
750 2778 992 2840 reqimen,
1008 2782 1214 2824 amotus
1231 2775 1588 2841 Equitumque
1604 2780 1847 2827 centuria!
1861 2815 1876 2840 ‚
1896 2781 2089 2829 decoris
2114 2783 2467 2848 dedecore-sque

445 2869 718 2917 deber-{meu
739 2866 834 2915 tub
856 2868 1047 2915 ditione
1072 2866 1183 2929 ejus
1206 2869 1561 2929 moysen-atus,
1579 2868 1905 2930 publicorum
1930 2873 2026 2934 J‘us
2041 2875 2464 2936 privatorumque

444 2958 697 3020 locorum,
725 2958 993 3021 vectiqalt'a
1028 2958 1224 3021 populi
1241 2957 1468 3008 Romani
1488 2958 1583 3006 sub
1603 2966 1737 3006 nutu
1761 2966 1910 3023 atque
1928 2961 2137 3010 arbitrio
2165 2970 2341 3011 essent.
2366 2963 2462 3011 Ubi

443 3046 578 3095 vide·
613 3048 912 3112 censorum,
941 3047 1132 3110 qualis,
1154 3062 1311 3109 quum
1333 3047 1570 3110 maxima,
1592 3047 1714 3110 suit,
1739 3053 2028 3112 potestatem
2047 3086 2063 3113 ‚
2096 3066 2196 3098 non
2214 3088 2230 3113 ‚
2264 3054 2462 3114 qualem

443 3136 682 3186 credibile
703 3136 769 3185 sit
792 3153 875 3185 eos
900 3141 989 3184 aut
1009 3135 1149 3184 initio
1172 3140 1257 3184 aut
1280 3136 1448 3200 paucis
1470 3140 1581 3200 post
1601 3136 1740 3184 annis
1760 3137 2016 3202 habuisse3
2043 3154 2207 3201 neque
2226 3155 2342 3187 vero
2366 3140 2464 3187 hoc

443 3226 550 3274 vult
567 3226 761 3291 Livius,
786 3242 819 3275 o
847 3242 1015 3289 parva
1038 3228 1234 3289 on‘qt'ne
1254 3227 1436 3274 deinde
1455 3231 1710 3290 tantopere
1731 3234 1937 3276 auctum
1957 3227 2160 3292 dicens;
2183 3227 2268 3276 sed
2291 3227 2422 3276 idem
2445 3265 2462 3293 ‚

445 3316 479 3366 4
495 3353 511 3380 ‚
535 3316 628 3380 24,
648 3317 948 3365 Mamercum
978 3315 1230 3365 AEmilium
1260 3315 1322 3365 de
1344 3332 1552 3366 censura
1566 3352 1582 3381 ‚
1604 3321 1663 3365 ut
1681 3333 1867 3380 maqno
1899 3320 2112 3382 imperio
2139 3318 2424 3382 loquentem
2444 3355 2463 3384 ‚

446 3410 497 3454 et
516 3423 668 3470 ymon
688 3423 822 3471 cese,
844 3405 1089 3455 dicentem
1113 3406 1260 3469 facit,
1284 3408 1462 3455 iisdem
1477 3424 1578 3472 per
1604 3414 1675 3456 tot
1691 3423 1856 3457 annos
1876 3424 2064 3471 maqna
2078 3416 2225 3473 parte
2245 3412 2358 3458 m'toe
2377 3410 2464 3458 ob-

444 3498 621 3545 noxios
634 3499 828 3556 vivoru
846 3494 979 3545 unde
997 3496 1120 3559 quid
1153 3495 1289 3544 aliud
1310 3501 1671 3561 consequetur,
1693 3497 1788 3545 nisi
1801 3534 1816 3561 ‚
1838 3502 1926 3545 aut
1946 3498 2135 3545 Livium
2153 3534 2170 3561 ‚
2191 3498 2275 3545 hic
2293 3533 2310 3563 ‚
2343 3497 2463 3559 quid

447 3585 590 3647 velit,
607 3584 688 3635 vix
717 3585 879 3651 ipsum
907 3585 1034 3634 scire
1051 3621 1068 3649 ‚
1090 3589 1177 3634 aut
1194 3601 1390 3634 morum
1409 3601 1583 3634 curam
1607 3586 1789 3651 jusque
1812 3586 1942 3634 cives
1970 3586 2172 3636 notandi
2193 3586 2297 3651 jam
2317 3589 2423 3634 tum
2443 3623 2461 3652 ‚

445 3671 617 3723 decem
647 3675 882 3725 videlicet
901 3679 1013 3741 post
1031 3674 1307 3724 institutam
1329 3676 1469 3724 annis
1482 3712 1499 3741 ‚
1525 3691 1748 3725 censuroe
1769 3676 1918 3725 suisne
1936 3671 1962 3724 ἰ’

542 3817 691 3883 198.
739 3816 958 3882 Omnis
986 3827 1192 3883 autem
1215 3817 1489 3883 censoria
1509 3813 1951 3881 animadversio
1979 3813 2057 3879 ad
2079 3835 2278 3878 mores
2299 3863 2316 3897 ,
2337 3836 2462 3880 non

447 3926 523 3992 ad
552 3930 814 3996 crimina
835 3980 854 4016 ‚
890 3954 1029 4019 quae
1055 3933 1295 4020 proprie
1318 3954 1604 3997 vocamus
1629 3980 1646 4014 ,
1668 3929 1993 4017 spectabat.
2019 3928 2092 3993 In
2116 3930 2370 4016 singulis
2398 3927 2463 4017 1)

447 4056 903 4111 memorantur:
946 4057 1156 4113 senatu
1188 4069 1431 4113 movere
1454 4096 1471 4131 ‚
1507 4067 1739 4133 equum
1786 4042 2057 4111 adimere
2089 4043 2115 4134 (
2132 4042 2193 4126 §.
2221 4047 2366 4110 139.
2394 4041 2462 4130 )‚
