3111 4829
1511 417 1535 500 (
1575 414 1697 476 200
1737 416 1761 495 )

634 548 1028 635 praesentium
1051 545 1128 611 ad
1151 548 1323 631 jussa
1358 544 1641 610 facienda
1674 543 1773 632 1),
1807 544 2275 631 comprehensi,
2305 556 2367 611 et
2402 547 2470 611 in
2500 566 2660 632 pro—-

633 663 848 727 vinciis
875 660 1128 746 quidam
1170 671 1415 723 statores
1456 660 1683 742 etiam,
1733 668 2029 745 tanquam
2071 671 2294 724 stantes
2333 660 2411 725 ad
2445 662 2612 744 jussa
2645 710 2662 742 ,

634 777 921 862 adpellati
945 772 1036 863 2),
1063 787 1356 840 caeterum
1383 796 1618 854 omnes,
1646 772 1924 860 quamvis
1948 795 2020 836 ex
2045 773 2263 839 infima
2285 773 2660 856 conditione,

630 891 813 954 liberi
847 901 1090 971 tamen,
1120 889 1237 951 nisi
1281 910 1479 951 servos
1507 887 1786 972 publicos
1828 885 1955 950 huc
1985 886 2303 951 trahamus
2324 935 2342 969 ,
2383 911 2457 952 ac
2505 910 2664 973 saepe

634 1003 1022 1090 magistratus
1044 1002 1248 1066 liberti
1279 999 1380 1088 3);
1404 1001 1509 1064 sed
1533 999 1958 1086 distinguendi
1984 1000 2062 1063 ab
2084 1000 2252 1083 aliis,
2278 1002 2388 1087 qui
2413 1001 2663 1086 publice

634 1117 1036 1182 addebantur.
1066 1117 1234 1179 Inter
1261 1112 1683 1178 ministrorum
1714 1134 1938 1198 genera
1963 1124 2302 1177 occurrunt
2330 1113 2543 1177 scribae
2572 1111 2662 1201 4),

634 1230 702 1294 in
727 1226 1005 1296 decurias
1032 1227 1136 1316 5),
1161 1239 1222 1292 et
1248 1230 1408 1291 inter
1431 1228 1820 1312 magistratus
1851 1238 2006 1291 sorte
2031 1226 2208 1293 divisi
2239 1226 2330 1315 6),
2363 1229 2442 1293 ab
2465 1229 2662 1316 iisque

634 1368 869 1410 nomen
909 1343 1199 1410 habentes
1223 1391 1240 1426 ,
1272 1341 1441 1405 unde
1477 1341 1674 1406 scriba
1716 1341 2087 1421 consularis,
2124 1343 2473 1427 praetorius,
2507 1366 2659 1407 cen-

634 1461 871 1541 sorius,
910 1458 1016 1521 alii
1043 1452 1147 1542 7);
1180 1476 1487 1541 praecones
1515 1452 1619 1540 8),
1665 1464 1726 1517 et
1760 1453 1875 1539 ipsi
1899 1453 2114 1518 officiis
2138 1456 2326 1538 varii,
2362 1456 2427 1519 in
2459 1456 2658 1521 comi-

634 1575 735 1639 tiis
756 1622 773 1656 ,
814 1573 879 1634 in
912 1580 1125 1634 senatu
1153 1615 1169 1651 ,
1210 1568 1468 1653 aliisque
1510 1567 2102 1653 congregationibus
2130 1618 2148 1651 ,
2176 1569 2240 1632 in
2270 1571 2659 1636 auctionibus

634 1684 735 1777 (§.
766 1680 960 1770 100.)
987 1682 1171 1744 etiam
1194 1679 1571 1764 judiciisque
1614 1689 1677 1741 et
1720 1680 2043 1743 funeribus
2074 1677 2142 1767 9)
2175 1684 2616 1767 proclamantes
2644 1735 2662 1768 ,

629 1797 1069 1885 praedicante83
1111 1803 1417 1857 coactores
1452 1789 1594 1877 10),
1638 1789 1829 1854 iidem
1865 1793 2201 1858 collectarii
2229 1795 2408 1879 dicti,
2458 1796 2662 1862 debita

632 1913 757 1975 sive
804 1909 881 1973 ab
928 1907 1351 1987 auctionibus,
1394 1905 1516 2002 sive
1566 1904 1715 1968 alias
1745 1916 2071 1991 cogentes,
2117 1908 2166 1973 i.
2208 1931 2263 1974 e.
2311 1910 2618 1994 exigentes
2643 1959 2660 1992 ,

631 2025 986 2109 colligentes
1033 2016 1188 2107 11);
1255 2019 1498 2082 lictores
1559 2014 1682 2104 12)
1708 2067 1725 2100 ,
1780 2019 2152 2085 Consulibus
2174 2072 2191 2106 ,
2250 2025 2615 2088 Praetoribns
2641 2075 2658 2104 ,

631 2140 884 2206 omnino
918 2135 1246 2222 imperium
1274 2131 1647 2196 habentibus
1685 2130 2076 2218 adparentes,
2098 2155 2369 2222 eumque
2396 2138 2660 2205 fascibus

629 2253 1057 2320 antecedentes
1081 2300 1097 2333 ,
1148 2249 1478 2335 obviosque
1525 2247 1922 2312 observantiae
1959 2298 1975 2331 ,
2026 2271 2148 2335 quo
2210 2250 2504 2318 trahenda
2551 2277 2659 2319 vox

635 2366 1163 2432 animadvertere
1209 2358 1591 2452 (§.186.),
1637 2362 2037 2428 admonentes
2071 2362 2222 2452 13),
2267 2365 2455 2431 iidem
2484 2367 2663 2432 dam-
2771 2442 2780 2450 ,

641 2493 815 2545 natos
857 2502 1035 2566 poena
1056 2526 1073 2561 ,
1100 2476 1361 2564 (virgiS,
1404 2476 1787 2559 verberibus,
1827 2478 2023 2542 securi
2053 2474 2115 2563 ,)
2143 2476 2495 2543 adficientes
2528 2478 2656 2567 14).

703 2693 756 2754 1)
775 2691 850 2739 Cs.
875 2691 1010 2739 Serv.
1036 2689 1096 2736 ad
1120 2689 1241 2737 AEn.
1268 2686 1359 2752 19,
1392 2686 1527 2753 851,
1566 2689 1692 2738 Gen.
1721 2690 1805 2754 10,
1849 2690 1910 2752 5,
1951 2690 2098 2754 Sigon
2137 2693 2198 2739 do
2238 2693 2362 2739 Ant.
2402 2693 2531 2741 Jure
2564 2697 2663 2743 cir.

632 2778 785 2833 Rom.
811 2783 843 2831 9
862 2819 878 2845 ,
909 2781 971 2830 15
991 2816 1007 2845 ,
1031 2781 1204 2829 Creuz.
1234 2775 1432 2849 §.17⁴3
1459 2781 1519 2828 de
1542 2797 1664 2829 voce
1688 2780 1942 2844 adparits‘o
1965 2781 2070 2829 Cic.
2096 2782 2167 2829 ad
2196 2780 2445 2843 Dic.13‚
2471 2782 2566 2845 54,
2596 2787 2669 2832 ad

635 2872 884 2935 Quinesr.
908 2872 966 2934 1,
1004 2871 1027 2918 1
1052 2907 1068 2931 ,
1108 2869 1138 2918 4
1159 2908 1173 2931 ,
1194 2870 1307 2935 Ulp.
1329 2871 1534 2920 Panda.
1561 2870 1621 2933 4,
1639 2870 1701 2931 9,
1722 2871 1785 2918 23
1803 2906 1818 2932 ,
1837 2870 1887 2919 5.
1907 2871 2041 2936 -9)
2075 2870 2149 2919 Cf.
2167 2870 2369 2920 Petron.
2401 2871 2573 2935 Saeyr.
2608 2890 2665 2922 c.

632 2958 730 3012 190
751 2998 767 3024 ,
803 2962 907 3009 Cie.
934 2961 1005 3009 ad
1025 2960 1150 3009 Div.
1173 2960 1232 3021 9,
1261 2958 1353 3021 17,
1379 2960 1491 3023 Ulp.
1518 2961 1722 3011 Pandd.
1748 2960 1809 3024 4,
1840 2961 1933 3024 16,
1972 2960 2132 3009 10.-
2150 2960 2202 3023 3)
2226 2962 2302 3010 Cr.
2327 2963 2492 3026 Sigon.
2516 2965 2554 3012 l.
2576 2981 2624 3013 e.
2649 3002 2666 3029 ,

632 3051 718 3100 Cic
739 3054 808 3101 ad
827 3051 1010 3116 Quint.
1027 3050 1102 3113 sr.
1129 3050 1151 3099 1
1170 3087 1188 3118 ,
1227 3049 1251 3099 1
1272 3086 1287 3113 ,
1318 3050 1369 3099 4.
1389 3077 1452 3088 -—
1473 3050 1526 3109 4)
1549 3051 1621 3099 De
1644 3060 1765 3099 voce
1787 3056 1838 3099 et
1856 3068 2062 3101 munere
2094 3054 2161 3101 cs.
2199 3053 2330 3101 Fest.
2355 3054 2408 3101 in
2441 3054 2632 3104 scribas
2649 3091 2668 3120 ,

632 3141 719 3191 Cic
748 3142 896 3191 Vm.
920 3138 981 3203 3,
1001 3138 1086 3188 79.
1110 3141 1241 3198 -5)
1261 3138 1323 3187 V.
1346 3141 1575 3209 Sclgwarz
1611 3142 1671 3189 ad
1704 3142 1882 3206 Nieup.
1915 3160 1966 3207 p.
1994 3141 2108 3191 190.
2128 3170 2188 3182 -
2211 3142 2263 3207 6)
2299 3144 2375 3192 cf.
2409 3145 2514 3193 Cic.
2552 3146 2666 3195 Cat.

632 3230 694 3294 4,
715 3230 767 3279 7.
789 3258 854 3269 -
872 3230 927 3289 7)
948 3230 1023 3279 Cf.
1048 3231 1153 3279 Cic.
1181 3230 1329 3279 Verr.
1347 3229 1409 3293 3,
1440 3229 1524 3294 80,
1545 3231 1681 3279 Suet.
1709 3230 1864 3297 Vesp.
1886 3233 1938 3281 ὅ.
1958 3260 2022 3272 -
2043 3233 2095 3298 8)
2126 3234 2200 3281 Cl'.
2228 3234 2348 3283 Hor.
2374 3233 2484 3284 δαί.
2507 3233 2564 3298 1,
2599 3235 2632 3283 6
2651 3272 2668 3295 ,

631 3319 717 3369 86.
735 3347 798 3359 —
816 3321 869 3378 9)
889 3316 963 3367 Cf.
984 3321 1129 3369 Varr.
1152 3321 1212 3369 de
1233 3320 1296 3368 L.
1314 3319 1377 3368 L.
1399 3321 1436 3367 l.
1459 3320 1508 3368 4.
1534 3337 1586 3385 p.
1607 3322 1757 3370 58.-
1781 3320 1864 3379 10)
1884 3322 1960 3371 Cf.
1980 3322 2101 3372 Hor.
2119 3325 2156 3372 l.
2178 3340 2246 3385 c.,
2264 3324 2368 3372 Cic.
2384 3342 2442 3387 p.
2463 3323 2664 3379 auem.

631 3406 715 3457 64.
734 3436 796 3446 -
818 3408 900 3473 11)
919 3407 995 3456 Cf.
1015 3410 1149 3457 Suet.
1177 3407 1334 3472 γαρ.
1358 3407 1381 3457 1
1404 3445 1421 3472 ,
1439 3413 1723 3459 coactiones
1746 3415 2067 3475 arqentor-ias
2078 3413 2337 3476 factitavit
2353 3448 2368 3474 ,
2392 3416 2445 3459 et
2458 3411 2664 3460 Panda·

631 3498 696 3548 40
710 3536 725 3563 ,
747 3499 779 3547 7
794 3537 811 3562 ,
836 3499 898 3548 40
913 3535 927 3561 ,
953 3495 997 3566 §.
1021 3498 1083 3564 8,
1108 3501 1433 3562 arqentor-ius
1453 3506 1654 3548 coactor
1672 3517 1836 3563 quum
1853 3519 2003 3565 poene
2029 3509 2182 3552 totam
2198 3500 2462 3563 fortunam
2489 3503 2549 3549 iu
2569 3518 2667 3561 no,

630 3588 858 3637 minibus
878 3588 1077 3636 haberet
1090 3622 1108 3651 ,
1135 3593 1234 3635 etc.
1254 3615 1315 3625 —
1338 3587 1421 3652 19)
1446 3588 1517 3635 De
1534 3587 1672 3637 Voce
1690 3590 1758 3638 cs.
1794 3590 1923 3639 Gen.
1948 3592 2012 3641 19
2027 3628 2042 3654 ,
2063 3592 2096 3639 5
2114 3628 2130 3651 ,
2150 3590 2235 3638 ubi
2257 3625 2271 3651 ,
2296 3587 2526 3637 Tironem
2541 3590 2666 3639 'rul-

582 3740 585 3745 ,
628 3675 752 3724 lium
767 3714 783 3739 ,
801 3677 1051 3725 Ciceronis
1065 3676 1301 3725 libertum
1317 3713 1334 3740 ,
1352 3677 1621 3742 scripsisse,
1643 3679 1872 3729 lictorem
1890 3681 1968 3728 vet
1986 3694 2015 3728 ι
2032 3680 2150 3728 limo
2166 3678 2243 3726 vel
2261 3692 2289 3724 a
2305 3676 2423 3726 licio
2439 3678 2663 3744 dictum;

631 3763 749 3811 licio
773 3768 910 3814 enim
933 3773 1214 3815 transverso
1230 3803 1245 3830 ,
1270 3769 1408 3830 quod
1429 3769 1612 3816 limum
1644 3770 1937 3832 adpellant·
1951 3804 1970 3832 ,
1993 3770 2090 3832 qui
2118 3766 2499 3829 magistrante·
2524 3782 2662 3833 μνω-

631 3855 992 3905 ms’m’serabant
1002 3892 1021 3920 ,
1044 3856 1235 3905 cinctos
1256 3857 1423 3906 fuisse.
1452 3858 1518 3906 At
1551 3859 1654 3922 ipse
1672 3859 1856 3908 Gellius
1875 3863 2116 3920 tanquam
2135 3856 2288 3919 virgis
2311 3857 2662 3908 eaedendormn

631 3956 805 3989 manus
825 3948 876 3990 et
911 3960 1058 3992 crura
1090 3946 1327 4010 ligantes,
1362 3948 1463 3995 sive
1486 3947 1756 3995 vincientes
1775 3983 1791 4009 ‚
1816 3946 2012 3994 lictores
2041 3952 2238 3993 vocatos
2267 3947 2482 4011 mavult,
2501 3949 2663 4013 valgii

633 4030 743 4077 Rufi
766 4069 780 4091 ‚
815 4046 964 4093 quarn
997 4032 1176 4095 refert,
1211 4035 1503 4082 sententiam
1537 4050 1767 4097 sequens.
1789 4033 2281 4093 Plutarchus(Rom.
2313 4035 2396 4083 96.
2426 4050 2476 4100 p.
2498 4036 2617 4094 3⁴.)
2642 4073 2659 4097 ,

632 4137 803 4169 vocem
838 4136 865 4168 a
898 4122 1097 4184 ligando
1120 4125 1372 4191 derivans,
1398 4126 1529 4173 idem
1567 4132 1730 4173 tamen
1757 4123 1960 4188 conjicit
1979 4161 1994 4185 ,
2030 4123 2233 4174 sortasse
2257 4125 2392 4189 prius
2427 4128 2621 4174 lictores
2641 4161 2659 4181 .,
