3111 4829
1028 651 1708 751 PRAEFATIO
1758 652 1878 743 (*)·

544 1356 947 1444 Conmnm,
997 1385 1135 1449 quae
1182 1387 1491 1456 vocamus,
1537 1376 1902 1440 facientibus
1943 1381 2197 1444 solenne
2236 1384 2460 1448 scimus

453 1489 615 1553 esse,
660 1493 723 1534 ee
743 1470 822 1536 ad
854 1477 1363 1546 conscribendum
1385 1497 1619 1551 coactos
1639 1488 2003 1577 praedicare,
2042 1495 2164 1559 sive
2194 1518 2333 1562 vera
2357 1499 2462 1565 illa

454 1581 575 1645 sive
601 1582 741 1648 ficta
776 1587 1093 1654 necessitas
1104 1614 1123 1673 3
1161 1614 1282 1679 qua
1322 1598 1500 1663 multi
1530 1600 1782 1667 inanem
1811 1603 2116 1671 scribendi
2138 1609 2460 1676 libidinem

455 1708 836 1783 excusatum,
863 1699 1173 1788 discipulis
1209 1720 1303 1794 et,
1342 1712 1505 1797 quod
1535 1716 1780 1801 gravius
1816 1719 2033 1804 etiam,
2055 1721 2269 1786 litteris
2298 1728 2458 1790 male

450 1812 813 1899 consulunt,
848 1816 1121 1883 futilium
1163 1821 1461 1890 librorum
1493 1829 1732 1914 copiam
1766 1844 2080 1919 augentes,
2109 1835 2266 1922 Noe,
2289 1859 2368 1902 ne
2398 1852 2461 1905 et

364 1941 371 1945 ’
449 1920 560 2006 ipsi
591 1923 711 1991 hoc
741 1943 1097 2019 peccemuS,
1123 1935 1513 2006 vehementer
1542 1943 1794 2030 quidem
1839 1949 2219 2035 metuimuS‚
2261 1962 2320 2015 et
2366 1955 2458 2018 vi-

454 2036 618 2104 ribus
636 2064 855 2127 parum
879 2046 1070 2111 fidere
1091 2053 1284 2134 sueti,
1319 2066 1381 2117 et
1397 2057 1691 2143 celerina,
1714 2082 1904 2146 quam
1946 2073 2282 2149 oporteret,
2308 2087 2461 2131 con-

514 2233 533 2288 (
537 2229 773 2290 ¹⁸)Primae
794 2232 1067 2313 hujuslibri
1087 2235 1316 2287 editionis
1331 2240 1666 2304 praefationem
1690 2258 1846 2306 quum
1866 2261 2030 2307 neque
2048 2247 2273 2297 omittere
2295 2250 2461 2313 place-
2515 2256 2536 2281 ⁸

446 2324 551 2381 ret,
577 2336 743 2382 neque
768 2337 919 2384 vero,
942 2307 1034 2372 our
1053 2330 1292 2375 mutatam
1327 2328 1538 2377 multum
1562 2336 1816 2381 auctamve
1848 2331 2102 2398 daremus,
2127 2351 2273 2384 cauea
2295 2347 2457 2401 esset,

445 2423 560 2471 qum
573 2409 821 2459 monenda
841 2412 1060 2477 aliquot
1046 2431 1100 2464 ιιι
1112 2416 1235 2465 locis
1251 2420 1599 2486 occurrebant,
1619 2439 1678 2470 ea
1696 2424 1900 2486 integrae
1919 2425 2181 2490 subjicere,
2202 2443 2350 2491 quam
2372 2437 2461 2479 aut

443 2499 704 2549 inserendo
742 2500 991 2552 turbatam
1026 2506 1267 2571 refingere
1283 2544 1300 2571 ,
1342 2514 1428 2559 aut
1458 2525 1635 2559 novam
1674 2526 1971 2576 componere
1990 2550 2006 2578 ,
2044 2515 2326 2566 maluimus.
2361 2519 2455 2568 llic

440 2594 604 2638 autem
628 2593 866 2641 nonnulla
882 2629 898 2656 ,
917 2597 1153 2658 tanquam
1173 2598 1330 2646 tertias
1346 2597 1550 2648 editioni
1572 2601 1831 2664 praefantes
1848 2638 1864 2666 ,
1888 2603 2251 2677 conjungimus.

504 2678 658 2726 Primi
672 2682 831 2744 operis
847 2682 1001 2731 nimia
1017 2721 1034 2748 ,
1056 2685 1111 2733 in
1126 2690 1263 2735 tanta
1283 2703 1450 2737 rerum
1469 2690 1612 2755 eopia
1625 2727 1640 2751 ‚
1656 2690 1868 2740 brevitas
1884 2728 1901 2755 ,
1922 2708 1985 2745 ne
2007 2698 2223 2742 nostram
2248 2696 2450 2759 quidem

444 2768 892 2833 interpretationem
924 2772 1236 2821 audientibus
1253 2775 1451 2837 placens
1468 2813 1483 2840 ‚
1506 2777 1698 2828 valdius
1715 2779 1963 2830 offendere
1985 2781 2158 2832 debuit
2172 2785 2291 2833 alios
2307 2822 2324 2852 ‚
2348 2788 2451 2838 sive

444 2856 704 2924 discipulos
721 2861 822 2911 sive
844 2861 1098 2926 magistros
1113 2897 1131 2927 ,
1149 2862 1278 2912 libro
1304 2870 1471 2914 nostro
1506 2873 1733 2933 utentes5
1762 2869 1932 2931 quales
1952 2886 2055 2919 non
2077 2873 2243 2924 deesse
2260 2912 2275 2940 ‚
2295 2892 2444 2940 argu-

445 2956 608 2999 mento
629 2957 733 3000 erat
765 2936 922 3019 major
938 2953 1001 3002 ab
1019 2954 1096 3001 his
1115 2990 1131 3018 ,
1156 2969 1306 3017 quam
1324 2970 1353 3003 a
1373 2955 1625 3022 discipulis
1661 2959 1840 3007 nostris
1857 2995 1873 3022 ‚
1897 2965 2057 3009 emtus
2098 2967 2450 3029 exemplarium

440 3054 690 3089 numerus.
711 3042 816 3105 Quo
849 3041 1003 3106 magis
1017 3077 1037 3107 ,
1061 3043 1354 3108 opusculum
1386 3046 1539 3110 praelo
1572 3061 1621 3094 a.
1648 3045 1793 3096 1825.
1832 3047 2092 3098 reddentes
2110 3087 2127 3115 ,
2147 3051 2199 3099 id
2219 3054 2407 3116 egimus
2434 3095 2450 3120 ‚

439 3134 495 3177 ut
508 3129 613 3193 ejus
630 3131 890 3182 utilitatem
909 3148 1024 3182 cum
1044 3133 1254 3198 largiore
1276 3133 1602 3199 explicatione
1621 3170 1639 3199 ‚
1662 3141 1770 3185 tum
1786 3152 1903 3185 vero
1924 3153 2090 3187 rerum
2114 3141 2262 3190 etiam
2280 3158 2448 3192 acces-

436 3217 573 3266 sione
606 3234 912 3281 augeremus.
935 3221 1139 3286 Itaque,
1159 3222 1201 3270 si
1230 3222 1393 3271 minus
1435 3229 1604 3273 nostro
1622 3261 1638 3288 ,
1658 3230 1792 3274 certe
1825 3226 2035 3276 aliorum
2057 3228 2168 3278 usui
2199 3230 2450 3295 duplicata

435 3307 539 3357 sere
556 3344 571 3369 ‚
598 3323 756 3372 eaque
792 3310 1050 3360 voluminis
1087 3312 1408 3377 amplitudine
1445 3319 1642 3378 gratum
1677 3315 1886 3364 fecimus
1903 3353 1919 3380 ‚
1944 3333 2061 3381 quoe
2080 3335 2174 3369 nec
2206 3324 2449 3385 magistris

436 3398 585 3447 nimia
602 3435 619 3462 ,
663 3402 714 3447 et
749 3397 1041 3449 discentium
1082 3400 1243 3450 studio
1293 3402 1408 3450 satis
1459 3405 1688 3468 explicita
1737 3404 1989 3454 videretur
2007 3420 2024 3470 3
2060 3408 2265 3472 jamque
2284 3446 2299 3473 ,
2337 3419 2449 3476 post

437 3484 681 3536 divendita
719 3487 949 3537 secundae
992 3488 1284 3553 exemplaria
1301 3523 1319 3552 ‚
1354 3490 1550 3540 tertiam
1596 3491 1862 3541 editionem
1903 3494 2095 3562 paranti
2124 3510 2224 3543 non
2255 3501 2355 3545 tam
2393 3503 2445 3548 in

434 3579 775 3643 amplificando
796 3616 812 3644 ,
847 3594 998 3643 quam
1020 3579 1073 3626 in
1094 3578 1395 3642 perficiendo
1417 3596 1565 3645 opere
1587 3580 1912 3630 laborandum
1948 3581 2062 3629 suit.
2093 3582 2252 3646 Igitur
2269 3601 2439 3638 emen-

434 3666 591 3717 dantis
623 3675 784 3733 partes
821 3685 912 3735 pro
930 3668 1117 3718 viribus
1152 3668 1410 3733 implentes
1428 3706 1446 3733 ‚
1463 3670 1677 3735 exceptis
1710 3669 1970 3734 perpaucis
2000 3668 2121 3718 locis
2138 3708 2154 3734 ‚
2177 3680 2444 3737 prasertim

433 3775 547 3809 vero
565 3760 686 3825 legis
715 3761 991 3811 actionibus
1009 3760 1026 3825 (
1045 3757 1090 3828 §.
1106 3758 1256 3825 271.)
1278 3796 1295 3824 ‚
1319 3760 1339 3819 (
1358 3759 1447 3809 ubi
1462 3758 1740 3825 compendii
1756 3758 1880 3807 fines
1900 3774 2145 3822 egressum
2169 3771 2446 3834 argumenti

433 3851 617 3900 novitas
635 3857 864 3916 excuset,
888 3854 905 3916 )
928 3849 1021 3898 etsi
1053 3848 1202 3899 rebus
1237 3863 1438 3913 quoque
1473 3864 1598 3913 saepe
1632 3851 1685 3897 et
1715 3847 1822 3896 aliis
1840 3883 1856 3911 ,
1880 3852 1931 3896 et
1963 3848 2154 3913 legibus
2178 3848 2257 3921 (ξ).
2283 3855 2398 3905 261.
2420 3865 2438 3918 )

433 3938 669 3990 Βίεῑιωηίὶ
698 3943 814 3992 XII.
850 3942 1010 3991 Tabh.
1048 3946 1367 4007 conspectum
1401 3937 1686 4005 adjicientes
1706 3974 1722 4001 ,
1744 3942 1910 3986 tamen
1943 3938 2208 4002 impensius
2250 3945 2405 3992 multa
2427 3983 2441 4008 ‚

430 4029 507 4078 vel
525 4029 664 4081 nimis
678 4039 881 4099 angusta
898 4032 1120 4084 oratione
1141 4032 1222 4085 vel
1249 4031 1366 4083 alias
1381 4029 1593 4083 obscura
1605 4063 1623 4097 ,
1639 4028 1691 4078 in
1708 4027 1867 4092 iisque
1885 4027 2174 4100 simpliciter
2191 4029 2402 4104 indicata
2421 4068 2438 4098 ,

2083 4093 2112 4150 1
