3111 4829
1271 429 1296 510 (
1338 431 1412 492 91
1475 431 1498 513 )

374 559 496 624 fide
534 561 935 647 possidentis,
963 583 999 627 a
1036 562 1126 627 rei
1160 574 1416 646 natura,
1456 564 1713 650 aliisque
1739 563 1944 629 causis
1987 563 2258 649 pendent
2293 588 2403 629 ex-

374 675 685 760 ceptiones
742 685 803 740 et
865 670 1245 740 conditiones
1268 726 1285 761 ‚
1338 688 1474 741 tum
1535 678 1741 764 quoad
1806 700 2129 764 personas,
2179 680 2408 767 quibus

372 790 715 875 competit,
764 800 896 853 tum
952 790 1156 876 quoad
1205 813 1302 854 res
1359 792 1751 878 usucapionis
1814 812 2066 878 capaces
2091 843 2109 878 ,
2166 795 2408 882 legibus

371 898 670 989 paulatim
712 902 1017 989 definitae,
1064 927 1099 972 e
1140 906 1367 993 quibus
1402 907 1535 992 jam
1587 908 1684 973 lex
1735 906 1856 972 ΧΠ
1901 909 2092 974 Tabb.
2117 958 2135 992 ,
2184 910 2267 974 'ne
2309 934 2407 975 res

370 1018 646 1104 surrepta
690 1029 1137 1107 usucaperetur
1181 1018 1289 1108 ὅ).
1336 1019 1569 1088 Praedia
1609 1023 1678 1087 in
1709 1022 2038 1110 provinciis
2079 1045 2206 1088 non
2251 1047 2408 1089 usu-

371 1132 735 1219 capiuntur,
780 1133 898 1198 nisi
940 1134 1010 1197 in
1053 1135 1179 1199 solo
1205 1135 1366 1219 juris
1402 1136 1601 1225 Italici
1640 1133 1730 1225 6).

456 1248 587 1313 Sub
606 1248 855 1333 corona',
880 1251 921 1314 i.
951 1271 1032 1333 e.,
1054 1260 1206 1315 teste
1236 1251 1492 1338 quidem
1515 1250 1699 1318 Gaelio
1718 1252 1947 1318 Sabino
1968 1264 2031 1317 et
2059 1253 2290 1319 Catone
2311 1251 2408 1342 7),

369 1362 607 1427 coronis
666 1361 882 1428 induta
903 1412 921 1448 ‚
963 1364 1305 1451 antiquitus
1355 1365 1648 1431 venibant
1694 1366 2006 1452 mancipia
2055 1367 2201 1452 jure
2255 1366 2408 1433 belli

368 1485 563 1560 capta.
612 1475 861 1541 Diversa
905 1478 1207 1542 sententia
1232 1525 1250 1559 ‚
1288 1499 1324 1542 a
1369 1478 1913 1543 circumstantibus
1955 1479 2260 1546 militibus
2290 1481 2407 1545 snb

327 1669 330 1672 ἦ
370 1610 592 1654 corona
635 1590 845 1653 venire
886 1588 1078 1655 dictos
1117 1612 1246 1655 esse
1268 1637 1286 1673 ‚
1332 1590 1438 1656 oui
1477 1591 1689 1655 minus
1726 1592 1889 1656 favet
1927 1588 2168 1657 Gellius
2193 1590 2284 1681 8).

457 1701 763 1767 Auctione
809 1699 892 1791 9)
950 1725 1045 1767 res
1097 1703 1346 1790 publice
1396 1703 1789 1791 magistratus
1831 1706 2195 1772 auctoritate
2222 1754 2241 1792 ,
2289 1710 2406 1774 sub

368 1815 539 1881 hasta
565 1865 583 1901 ‚
630 1813 698 1881 id
747 1827 875 1900 est,
909 1815 1079 1882 hasta
1127 1817 1243 1883 fixa
1265 1866 1284 1902 ‚
1340 1828 1403 1882 et
1438 1818 1855 1904 proclamante
1908 1840 2231 1906 praecone,
2284 1844 2406 1886 ve-

368 1941 566 1996 neunt
609 1927 757 2017 10);
803 1928 972 2007 unde
1005 1931 1135 2016 ipsa
1179 1931 1385 1998 auctio
1429 1929 1603 1997 hasta
1642 1930 1791 2022 11),
1834 1943 1896 1998 et
1937 1934 2232 2022 loquendi
2264 1936 2407 2001 sor-

368 2045 553 2110 mulae
593 2042 715 2108 cub
755 2043 954 2109 hasta
992 2042 1266 2109 vendere
1289 2092 1314 2121 ,
1356 2032 1577 2109 venire
1593 2090 1621 2121 ,
1651 2049 1795 2110 voci
1817 2050 2149 2132 praeconis
2188 2048 2406 2136 eulgji-

372 2179 566 2233 cere,
606 2154 702 2221 ad
741 2155 1011 2220 hastam
1054 2155 1364 2221 accedere
1393 2200 1421 2233 ,
1462 2159 1657 2221 emtio
1700 2154 1790 2223 ab
1825 2157 2044 2223 hasta.

426 2295 479 2362 1)
504 2294 633 2344 oum
654 2274 950 2359 simpliciter
966 2308 1098 2343 mu·
1132 2298 1187 2343 et
1212 2306 1343 2343 um
1373 2295 1657 2344 numum
1688 2293 1760 2359 (v.
1779 2293 1924 2359 nugo
1943 2291 1989 2363 §-
2013 2290 2098 2345 95.
2121 2294 2198 2345 cr.
2219 2294 2323 2345 oie.
2344 2313 2407 2361 p.

363 2384 495 2435 Coc.
522 2383 583 2434 19
597 2420 613 2447 ‚
636 2383 772 2447 Top.
790 2380 906 2449 4.),
923 2386 1035 2448 post
1051 2380 1289 2447 usucapio
1311 2381 1376 2430 ab
1393 2398 1522 2431 um
1540 2386 1593 2432 et
1613 2386 1762 2449 capio
1774 2420 1791 2449 ‚
1808 2383 1943 2433 undo
1960 2382 2111 2434 otiam
2127 2384 2407 2451 sejunctum

361 2490 465 2524 m
488 2475 637 2538 capio
659 2471 901 2521 occurrit.
920 2501 979 2509 —
999 2471 1053 2537 2)
1072 2472 1149 2520 Cf.
1173 2472 1278 2537 eaj.
1300 2471 1333 2521 2
1350 2508 1367 2537 ,
1391 2469 1475 2521 115.
1498 2471 1625 2539 -3)
1644 2472 1749 2522 Cic.
1770 2472 1835 2522 de
1859 2473 1961 2537 Off.
1986 2472 2034 2537 1,
2055 2473 2144 2537 12,
2165 2476 2408 2525 adversus

361 2566 552 2615 bonnm
570 2569 760 2612 oeeoma
773 2564 1070 2612 auotoritas.
1090 2588 1152 2599 -
1167 2560 1223 2628 4)
1245 2561 1310 2610 V.
1333 2560 1438 2610 Cic.
1451 2577 1515 2626 p.
1534 2561 1664 2612 Coec.
1683 2553 1779 2628 19,
1806 2562 1941 2628 Top.
1966 2560 2019 2612 4.
2035 2562 2110 2612 Cf.
2135 2562 2270 2613 Plin.
2289 2565 2403 2629 Ep.

362 2655 394 2707 5
413 2692 431 2722 ,
453 2656 507 2706 6.
526 2683 589 2693 --
607 2655 661 2721 5)
682 2655 745 2706 V.
768 2654 916 2705 Hein.
945 2651 1093 2716 9,1,
1116 2652 1183 2701 22
1201 2687 1216 2714 ,
1246 2652 1350 2716 Cuj.
1393 2652 1453 2714 2,
1484 2651 1550 2702 ⁴9
1571 2688 1588 2715 ‚
1610 2650 1739 2701 Gen.
1769 2652 1832 2702 17
1850 2690 1867 2718 ‚
1903 2653 1955 2704 7.
1979 2656 2111 2721 -6)
2155 2655 2233 2705 Cf.
2256 2657 2406 2705 Hein.

362 2747 428 2811 2,
451 2747 521 2812 6,
545 2745 612 2810 4,
635 2745 780 2809 nugo
802 2741 847 2813 §.
881 2743 996 2792 205.
1018 2741 1149 2808 —7)
1173 2741 1299 2790 Gen.
1327 2740 1458 2804 vn,
1494 2738 1545 2790 4.
1578 2741 1834 2791 C5.Varro
1868 2744 1932 2792 de
1953 2744 2112 2796 AR.
2139 2745 2406 2811 2‚1o.-

364 2834 415 2902 8)
435 2835 668 2900 Exempla
687 2833 983 2884 venditionis
998 2831 1093 2898 sub
1109 2846 1294 2880 corona
1314 2829 1466 2879 habes
1489 2845 1572 2896 ap.
1593 2831 1840 2881 Cursarem
1857 2833 1919 2882 do
1941 2833 2008 2883 B.
2029 2834 2095 2884 G.
2117 2833 2151 2884 ὅ
2165 2869 2181 2898 ,
2209 2834 2289 2899 16,
2315 2836 2406 2884 ubi

365 2929 508 2975 σηοω·
523 2933 706 2975 senatu
726 2931 902 2974 nocato
922 2960 938 2988 ,
963 2923 1184 2987 reliquos
1200 2921 1294 2970 sub
1318 2935 1502 2969 corona
1522 2921 1768 2986 vendidit,
1787 2937 1869 2986 ap.
1890 2917 1996 2972 Liv.
2018 2921 2102 2989 45,
2127 2921 2178 2987 4,
2202 2923 2337 2973 Flor.
2353 2924 2405 2988 4,

366 3015 448 3080 12,
468 3016 589 3064 Tac.
606 3014 750 3064 Hm.
774 3014 825 3078 1,
845 3011 930 3063 68.
950 3040 1012 3050 -
1028 3011 1081 3073 9)
1106 3011 1185 3060 Ab
1205 3015 1352 3059 aucto
1370 3009 1530 3076 pretio
1549 3005 1574 3057 ?
1589 3009 1667 3059 Cf.
1692 3019 1872 3062 auctor
1886 3048 1902 3077 ‚
1924 3016 2221 3062 auctoritas.
2238 3041 2299 3049 —
2320 3014 2406 3078 10)

365 3105 645 3155 cr.1.iv.25
661 3142 678 3171 ,
700 3104 785 3170 58,
809 3104 980 3153 Cic-do
1002 3103 1105 3166 Off.
1124 3101 1180 3166 2,
1202 3100 1304 3151 Set
1322 3101 1407 3168 23,
1430 3100 1564 3150 Fut.
1590 3100 1645 3150 in
1665 3102 1840 3151 Ιιαοῡω.
1864 3101 2028 3168 -11)
2051 3102 2127 3151 Cf.
2145 3102 2250 3151 Cic.
2266 3103 2414 3161 Plau,

364 3195 418 3261 2,
449 3195 534 3261 40,
551 3193 610 3261 4,
634 3195 668 3247 4
684 3233 701 3260 ,
718 3196 867 3245 Corn.
886 3194 1010 3260 Nep.
1032 3196 1142 3244 Ate.
1164 3193 1217 3244 6.

461 3314 610 3377 101.
658 3310 929 3377 Traditio
965 3308 1074 3396 1),
1102 3331 1137 3372 a
1184 3306 1464 3392 simplice
1491 3355 1510 3389 ,
1552 3328 1693 3394 quae
1720 3307 1882 3392 juris
1920 3306 2203 3393 gentium
2229 3354 2248 3390 ‚
2294 3305 2403 3370 sed

365 3428 623 3494 obscuro
665 3424 1021 3490 discrimine
1066 3421 1339 3505 diversa,
1381 3422 1449 3484 in
1493 3420 1677 3485 rebus
1721 3442 1839 3486 nec
1875 3421 2146 3506 mancipi
2177 3432 2240 3486 ct
2268 3441 2409 3483 mo-

365 3543 594 3608 bilibus
633 3551 695 3606 et
736 3536 1161 3604 immobilibus
1210 3534 1313 3600 dat
1353 3533 1706 3599 dominium
1747 3556 1819 3598 ex
1854 3534 2001 3618 jure
2054 3533 2406 3614 Quiritium

370 3654 471 3747 (§.
522 3653 668 3742 98);
707 3678 778 3719 ex
807 3653 898 3719 rei
940 3653 1149 3738 itaque
1179 3659 1398 3714 natura
1420 3696 1438 3732 ,
1482 3646 1703 3713 eadem
1741 3646 2039 3711 naturalis
2069 3656 2180 3711 aut
2209 3645 2407 3711 civilis

370 3771 789 3858 acquisitionis
829 3770 956 3833 vim
999 3765 1378 3832 nanciscitur
1404 3762 1495 3851 2).
1528 3761 1627 3827 Ad
1660 3761 1891 3848 species
1918 3760 2253 3830 trahuntur
2280 3769 2410 3826 tra-

372 3885 520 3952 ditio
564 3888 761 3976 lonqa
796 3907 1044 3968 manu,
1092 3903 1159 3946 re
1208 3900 1416 3945 coram
1464 3876 1860 3964 acquirente,
1907 3885 2013 3940 aut
2057 3873 2225 3939 domi
2276 3874 2411 3960 ejus

371 3999 671 4087 deposita,
713 3999 894 4065 brevi
937 4019 1142 4062 marm
1164 4043 1188 4070 ,
1230 4017 1299 4060 re
1320 3993 1535 4078 alteri²
1572 3991 1678 4058 cui
1700 3990 1846 4056 dare
1873 3995 2197 4078 acquirens
2236 3990 2365 4054 vult
2389 4038 2409 4073 ‚

373 4110 1181 4204 tradita3).Adjudicatione
1210 4105 1658 4198 4)quibusdam
1688 4106 1758 4173 in
1775 4104 2048 4193 judiciis,
2065 4116 2135 4171 ut
2157 4103 2411 4170 familiae
