3111 4829
1549 387 1801 472 (168)

668 523 996 588 militarem
1032 531 1274 585 tantum
1296 569 1314 603 ,
1359 519 1427 584 hi
1457 520 1681 584 rectius
1723 520 2175 606 magistratibus
2204 544 2329 587 non
2372 521 2677 589 adnume-

666 647 882 722 rantur
902 635 929 725 (
939 632 998 715 §.
1017 629 1208 720 245.)
1233 633 1506 698 militaris
1534 642 1795 718 potestas
1806 635 2425 721 proprieimperium;
2444 634 2676 701 diverso

667 773 851 816 sensu
872 749 1291 835 magistratus,
1311 747 1535 833 quibus
1562 748 1841 814 militaris
1870 771 1995 813 non
2026 759 2174 833 erat,
2216 750 2548 836 imperium
2570 750 2678 816 ha-

666 863 815 929 bere
845 862 1155 942 dicuntur,
1178 860 1322 943 jure
1343 860 1649 944 edicendi,
1668 861 1951 945 vocandi,
1983 862 2441 948 prehendendi,
2474 862 2680 953 (unde

664 978 1070 1062 vocationem,
1099 972 1568 1060 prehensionem
1595 973 1857 1060 habere,
1883 986 1999 1041 etc.
2026 973 2354 1063 >constans
2384 973 2493 1062 6),
2512 976 2678 1063 quod

662 1092 979 1180 proprium
1010 1088 1246 1153 faciunt
1291 1086 1421 1173 juri
1471 1086 1738 1152 dicundo
1783 1088 2079 1173 praesectis
2103 1136 2121 1169 ,
2161 1086 2504 1174 iisdemque
2531 1111 2678 1154 cum

663 1203 921 1289 imperio
943 1202 1226 1266 tribuunt
1250 1199 1776 1283 jurisdictionem,
1807 1199 2122 1264 decretum
2145 1210 2206 1263 et
2218 1199 2447 1283 judicis
2469 1199 2679 1265 datio-

659 1338 811 1381 nem
840 1314 865 1406 (
879 1312 938 1395 §.
969 1314 1120 1379 268.
1148 1309 1170 1393 )
1201 1313 1576 1399 complexam
1610 1309 1703 1401 7).
1730 1313 1803 1376 In
1829 1311 2062 1376 caeteris
2093 1311 2172 1376 ad
2208 1313 2676 1398 magistratuum

658 1438 1019 1517 potestatem
1043 1428 1321 1493 referunt
1346 1425 1452 1510 jus
1472 1425 1784 1490 concionis
1811 1474 1829 1509 ‚
1858 1426 2166 1491 relationis
2190 1474 2207 1509 ,
2233 1427 2677 1514 auspiciorum,

659 1541 985 1627 spectionis
1034 1540 1061 1630 (
1082 1544 1142 1628 §.
1202 1536 1401 1626 151.)
1440 1588 1457 1624 ‚
1516 1539 1805 1605 custodiae
1851 1538 1963 1630 8).
2031 1540 2333 1606 Caeterum
2358 1589 2376 1625 ,
2432 1552 2678 1629 excepto

657 1656 967 1722 Dictatore
1007 1654 1035 1745 (
1054 1649 1114 1733 §.
1144 1649 1384 1741 202),
1437 1675 1650 1717 omnes
1704 1653 1923 1718 rationi
1964 1653 2190 1741 populo
2229 1652 2308 1719 de
2363 1655 2512 1721 actis
2553 1656 2679 1721 suis

657 1767 988 1834 reddendae
1026 1764 1298 1832 obnoxii.

724 1931 778 1995 1)
798 1930 862 1979 Ut
880 1932 1223 1994 magisterare,
1247 1944 1277 1977 a
1305 1930 1561 1994 moqs'ster.
1579 1925 1779 1979 Festus:
1801 1931 2129 1995 ’καρδιῶν-απ
2149 1944 2315 1994 reqm
2330 1936 2380 1978 et
2398 1936 2675 1992 temperare

656 2030 751 2071 ost.
773 2049 835 2060 —
851 2021 906 2085 2)
933 2021 1007 2068 Cf.
1028 2021 1131 2069 Cic.
1149 2022 1210 2069 ds
1232 2018 1385 2084 Leqq.
1412 2019 1436 2068 1
1456 2057 1472 2085 ,
1502 2019 1584 2069 11.
1612 2048 1674 2056 —-
1693 2018 1745 2080 3)
1769 2018 2008 2068 Patricios
2030 2011 2176 2084 olim,
2201 2035 2264 2068 ne
2282 2017 2540 2068 connubiis
2558 2016 2676 2081 qui-

655 2110 772 2160 dem
793 2125 909 2159 cum
928 2108 1072 2174 plebe
1095 2109 1263 2157 mistos
1276 2144 1291 2172 ‚
1316 2110 1443 2157 solos
1460 2107 1818 2174 rempublicam
1837 2115 1887 2157 et
1896 2126 2035 2158 sacra
2052 2124 2246 2158 curasse
2265 2145 2281 2172 ‚
2296 2114 2374 2173 et,
2398 2108 2531 2175 quod
2547 2124 2671 2158 eon-

654 2201 883 2264 sequitur
903 2237 918 2265 ‚
942 2216 1001 2249 ex
1038 2200 1097 2248 iis
1132 2198 1245 2248 solis
1280 2199 1590 2263 magistratus
1611 2234 1628 2262 ,
1674 2199 1950 2248 sacerdotes
1994 2205 2046 2248 et
2079 2205 2326 2248 senatores
2353 2199 2509 2247 lectos
2531 2213 2636 2246 esse
2655 2236 2673 2264 ‚

654 2287 868 2336 diximus
891 2284 967 2355 (ξ.
986 2287 1082 2336 150
1102 2292 1152 2337 et
1175 2286 1286 2335 131.
1307 2287 1325 2352 )
1356 2289 1568 2335 Coeteros
1601 2292 1768 2335 autem
1798 2288 1931 2335 cives
1971 2287 2191 2351 plebeios
2212 2302 2382 2336 omnes
2399 2322 2415 2350 ‚
2440 2292 2589 2349 atque
2621 2285 2675 2334 in

654 2373 736 2423 his
757 2372 948 2436 equites
965 2372 1160 2422 nonnisi
1176 2388 1307 2436 equo
1322 2372 1542 2422 merendi
1557 2370 1672 2437 jure
1694 2371 1908 2437 potiores
1937 2371 2149 2421 vidimus
2172 2369 2249 2441 (§.
2276 2371 2390 2422 136.
2411 2378 2448 2435 ),
2473 2373 2579 2421 Hoc
2601 2375 2678 2421 te-

655 2468 830 2512 nentes
846 2497 864 2526 ,
899 2462 1116 2509 sinamus
1151 2477 1317 2510 rerum
1362 2477 1603 2509 novarum
1643 2461 1697 2508 in
1734 2462 1941 2510 historia
1973 2461 2178 2526 cupidos
2227 2461 2452 2511 homines
2494 2463 2677 2512 civium

652 2548 989 2601 Romanorum
1013 2555 1175 2614 partes
1196 2549 1452 2613 gentibus,
1476 2547 1650 2597 officiis
1668 2584 1684 2613 ,
1701 2549 1816 2614 jure
1837 2564 2005 2598 severe
2028 2549 2264 2598 discretas
2278 2586 2294 2613 ‚
2318 2550 2420 2599 sive
2436 2555 2536 2599 tres
2560 2552 2579 2617 (
2598 2552 2676 2601 Cf.

656 2640 784 2688 mab
815 2639 915 2686 vol.
938 2639 986 2687 1.
1009 2653 1061 2702 p.
1098 2637 1213 2686 224.
1230 2654 1340 2701 sqq.
1366 2644 1416 2688 et
1436 2639 1615 2700 alibi.)
1655 2639 1756 2686 sive
1779 2640 1974 2704 plures,
2017 2643 2256 2686 coeterum
2293 2639 2634 2704 Egyptiorum
2652 2677 2672 2707 ,

655 2726 898 2778 Indorum
916 2762 932 2790 ,
953 2728 1034 2777 vel
1053 2727 1390 2790 quorumlibet
1407 2726 1632 2776 divisioni
1654 2727 1672 2791 (
1691 2726 1878 2791 costis)
1901 2725 2173 2773 simillimas
2195 2726 2383 2788 fingere
2405 2732 2493 2774 aut
2511 2731 2675 2794 suspi-

656 2820 782 2867 cari.
804 2817 898 2866 Sed
919 2833 1036 2867 curn
1056 2818 1227 2875 eadem
1244 2816 1480 2867 divisione
1500 2818 1719 2868 eohoeret
1736 2818 2026 2882 conjectura
2044 2852 2062 2880 ‚
2082 2821 2169 2864 aut
2189 2832 2365 2864 secura
2379 2817 2529 2866 etiam
2545 2834 2678 2869 asse-

656 2907 846 2955 veratio
863 2907 950 2971 (οἵ.
976 2894 1147 2959 Creuz.
1166 2905 1210 2977 §.
1225 2907 1289 2957 83
1308 2913 1359 2956 et
1374 2905 1531 2970 1280,
1550 2906 1862 2975 magistratus
1885 2906 2221 2954 Romanorum
2237 2903 2379 2952 initio
2401 2906 2680 2957 sacerdotes

654 2996 828 3047 fuisse.
850 2994 923 3046 'De
947 3008 1077 3062 quo,
1118 2999 1261 3046 missa
1282 2997 1404 3062 Lydi
1433 2997 1450 3061 (
1470 2998 1611 3062 praef.
1636 2998 1697 3045 ad
1720 2997 1811 3046 lib.
1833 2999 1893 3046 do
1927 2998 2110 3063 Maqq.
2130 2999 2149 3062 )
2163 3026 2180 3061 5
2207 2997 2477 3064 desperati,
2503 3000 2545 3049 si
2567 3003 2680 3064 quis

654 3095 881 3148 unquam
899 3123 914 3151 ‚
955 3087 1170 3137 hominis
1184 3125 1199 3151 ‚
1238 3088 1528 3137 auctoritate
1547 3125 1564 3152 ,
1603 3088 1674 3137 sic
1710 3080 1989 3138 censemusss
2029 3087 2335 3151 Magistratus
2365 3087 2556 3138 scilicet
2583 3089 2679 3137 sub

654 3173 877 3242 Regibus
896 3178 1022 3229 nulli
1036 3183 1215 3243 prater
1236 3178 1509 3240 Quaestor-es
1524 3215 1542 3241 .,
1565 3178 1863 3228 Praei'ectum
1881 3177 1996 3227 urbi
2011 3183 2064 3227 et
2081 3179 2384 3242 Inter-regem
2404 3214 2420 3243 ‚
2438 3178 2533 3226 nisi
2554 3178 2681 3227 sorte

658 3265 716 3315 in
733 3267 791 3314 iis
814 3266 1067 3331 ponendus
1090 3266 1337 3314 Tribunus
1353 3265 1579 3315 Celerum
1606 3263 1803 3337 <§.135
1824 3273 1876 3317 et
1898 3267 2039 3331 204.)
2055 3303 2071 3329 ‚
2089 3268 2401 3317 sacerdotum
2422 3281 2538 3314 vero
2560 3266 2677 3315 inde

659 3358 725 3405 ab
740 3344 987 3419 Romulo,
1011 3360 1145 3404 certe
1162 3355 1225 3403 ab
1247 3355 1403 3403 Numa
1422 3356 1566 3421 plura
1582 3357 1788 3420 collegia
1812 3362 2175 3421 memorantur-5
2206 3356 2342 3419 atqui
2376 3369 2521 3402 nemo
2538 3354 2677 3401 vete-

658 3462 773 3496 rum
796 3450 882 3495 aut
894 3445 984 3492 hos
1003 3444 1313 3507 magistratus
1331 3483 1347 3510 ‚
1394 3444 1613 3495 autillos
1645 3446 1922 3495 sacerdotes
1945 3445 2224 3509 adpellavit.
2248 3443 2470 3506 Ipsorum
2506 3446 2672 3488 autem

659 3534 850 3599 Regum
881 3532 993 3598 pax-‘s
1008 3534 1162 3582 exteri
1196 3533 1453 3598 seruntur-3
1487 3540 1545 3583 ut
1561 3537 1676 3600 jure
1697 3536 1937 3584 miremur
1953 3569 1972 3599 ‚
1997 3536 2037 3582 si
2060 3532 2253 3598 patricii
2292 3528 2604 3579 sacerdotum
2619 3534 2673 3578 et

657 3625 1031 3687 magistratuum
1052 3623 1175 3671 ordo
1210 3623 1317 3688 (cs.
1353 3622 1716 3692 Creus.§.128
1735 3661 1751 3691 ‚
1775 3625 1917 3674 Nieb.
1942 3641 1991 3672 v.
2019 3624 2065 3672 1.
2099 3639 2151 3686 p.
2182 3619 2327 3684 227.)
2347 3656 2363 3682 ,
2392 3619 2456 3667 ab
2496 3619 2675 3668 exteris

656 3730 873 3762 summos
887 3749 901 3776 ,
927 3719 983 3761 ut
997 3712 1064 3761 ita
1082 3712 1302 3762 dicamus
1323 3751 1338 3777 ,
1362 3716 1971 3780 sacerdote-maqistrotus
1992 3713 2168 3778 petitos
2186 3727 2307 3760 esse.
2327 3710 2396 3759 De
2414 3711 2672 3774 magistra-

658 3800 793 3850 tibus
814 3817 958 3864 porro
974 3838 989 3865 ,
1015 3801 1103 3864 qui
1133 3801 1225 3850 sub
1245 3802 1537 3852 Consulibus
1566 3804 1774 3870 adjecti,
1809 3804 2116 3852 manifestum
2137 3837 2155 3866 ,
2200 3817 2282 3849 eos
2303 3801 2491 3865 Regum
2524 3806 2673 3852 aetato

656 3890 934 3939 sacerdotes
966 3906 1069 3939 esse
1106 3907 1206 3940 non
1227 3893 1441 3956 potuisse
1455 3930 1471 3957 ,
1507 3898 1559 3942 et
1595 3910 1681 3941 sua
1702 3898 1845 3941 aetate
1865 3898 1971 3941 turn
1988 3907 2133 3940 nemo
2152 3895 2373 3940 veterum
2388 3892 2667 3942 sacerdotes

658 3979 879 4040 vocavit,
911 3982 1017 4025 tum
1033 4014 1048 4038 ‚
1072 3979 1113 4025 si
1138 3980 1345 4029 fuissent
1358 4016 1376 4045 ,
1395 3996 1495 4029 non
1516 3982 1735 4031 videmus
1754 4019 1770 4045 ‚
1806 3997 1898 4030 cur
1932 3997 2031 4030 una
2065 3997 2181 4030 cum
2203 3982 2262 4031 iis
2285 3988 2472 4032 servata
2499 3989 2663 4033 vetus-

659 4056 791 4119 tiors'
806 4066 1078 4118 sacerdotia
1092 4073 1144 4119 et
1159 4070 1296 4120 novis
1313 4077 1458 4122 aucta
1474 4070 1677 4121 suerint.
1697 4074 1800 4123 lloc
1824 4080 2105 4136 reputantes
2117 4110 2133 4142 ,
2153 4073 2277 4123 illud
2299 4078 2461 4126 tamen
2471 4109 2490 4141 ,
2510 4077 2665 4126 notis-
