3111 4829
1597 380 1622 456 (
1668 380 1748 441 98
1793 384 1817 460 )

706 513 832 562 ratio
857 512 993 576 (Caj.
1015 508 1072 562 2.
1112 510 1222 561 195.
1246 510 1389 577 sqq.)
1409 525 1426 576 ;
1450 509 1584 559 modi
1607 515 1772 559 autem
1793 515 2130 559 memorantur
2150 513 2362 572 quatuor
2377 545 2394 574 ,
2417 510 2709 575 vindicatio,

709 602 954 650 damnatio
973 638 988 664 ‚
1009 601 1274 665 praeceptio
1289 638 1302 661 ‚
1327 600 1517 649 sinendi
1536 599 1726 647 modus.
1747 598 1843 661 Per
1860 599 2237 647 vindicationem
2258 600 2451 675 legatur
2468 617 2573 665 res,
2595 618 2710 665 qun

707 694 760 740 in
781 692 985 757 legantis
1006 692 1221 741 dominio
1241 708 1270 741 e
1285 692 1399 757 jure
1419 691 1682 754 Quiritium
1708 696 1808 755 est,
1833 705 1921 755 per
1938 690 2299 738 damnationem
2314 726 2331 755 ,
2365 706 2479 755 qum
2500 692 2553 739 in
2569 692 2712 741 bonis

705 787 781 832 est
798 818 814 847 ,
838 782 1080 853 etiamroe
1097 780 1255 830 aliena
1279 780 1380 839 (ib.
1403 777 1616 848 §.102.)
1639 766 1978 829 vindicatione
2000 780 2232 845 legatario
2252 786 2328 829 est
2350 783 2480 830 actio
2504 782 2557 831 in
2572 797 2709 847 rem,

697 886 798 935 qua
817 873 1032 935 legatum
1060 869 1154 918 sibi
1175 869 1391 918 vindicat
1423 869 1522 928 (ib.
1540 866 1587 937 §.
1613 868 1760 932 194.)
1779 885 1796 934 3
1820 868 2084 918 damnandi
2103 868 2183 918 vel
2202 870 2393 918 sinendi
2412 872 2558 921 modo
2578 874 2711 936 lege-

696 962 822 1011 tario
839 967 910 1010 est
924 959 1052 1013 actio
1071 960 1121 1007 in
1139 972 1523 1023 personam‚qua
1541 957 1829 1021 legatumah
1845 957 2027 1007 herede
2043 958 2170 1022 petit·
2185 957 2268 1023 (ib
2289 955 2335 1025 §.
2358 958 2455 1009 204
2484 967 2536 1009 et
2563 960 2702 1024 213.)

700 1078 760 1089 -
779 1050 842 1113 5)
863 1050 964 1115 caj.
984 1050 1044 1113 2,
1069 1047 1183 1097 224.
1205 1076 1263 1085 -
1282 1046 1595 1109 4)V.11ein.
1616 1048 1678 1112 2,
1698 1047 1880 1113 20-22,
1903 1046 1984 1097 18.

796 1188 942 1250 110.
976 1186 1233 1268 Eorum,
1266 1204 1405 1269 quae
1422 1194 1778 1270 testamento
1804 1232 1821 1264 ,
1838 1205 1961 1248 non
1992 1183 2207 1249 eadem
2235 1197 2324 1250 est
2337 1187 2497 1270 juris
2521 1187 2670 1252 ratio
2686 1236 2703 1269 ‚

693 1319 882 1384 quam
917 1319 1129 1363 eorum
1155 1345 1174 1381 ‚
1195 1318 1335 1384 quse
1361 1295 1835 1362 fideicommisso
1864 1297 2318 1384 relinquuntur.
2354 1299 2707 1366 Fideicom—

692 1412 945 1477 missum
965 1460 983 1494 ‚
1030 1422 1328 1498 arguente
1356 1434 1536 1494 voce,
1586 1423 1675 1476 est
1731 1410 1878 1475 fidei
1933 1412 2254 1479 commissa
2302 1416 2424 1479 sive
2473 1415 2703 1481 credita

689 1524 1051 1610 significatio
1072 1572 1091 1608 ‚
1116 1545 1240 1609 qua
1259 1524 1399 1608 quis
1427 1522 1720 1587 heredem
1753 1544 1935 1586 suum
1951 1571 1968 1605 ,
1997 1524 2118 1586 sive
2145 1546 2327 1608 prece
2346 1536 2702 1590 testamento

687 1637 889 1704 adina
915 1688 931 1723 ,
959 1638 1080 1702 sive
1106 1634 1400 1701 codicillis
1440 1631 1506 1721 1)
1538 1647 1747 1721 rogat,
1785 1647 1855 1700 ut
1882 1637 2094 1718 alteri,
2127 1658 2315 1722 quem
2343 1639 2401 1703 ei
2439 1639 2704 1725 indicat,

686 1751 1089 1821 hereditatem
1120 1748 1357 1813 deferat
1391 1743 1482 1834 2).
1520 1748 1649 1830 Qui
1681 1748 1768 1813 sic
1787 1760 2038 1835 rogatur
2057 1798 2079 1833 2
2110 1750 2287 1817 hercs
2313 1752 2702 1838 fiduciarius,

682 1866 740 1929 is
761 1912 779 1945 ‚
836 1863 943 1928 cui
990 1860 1305 1928 hereditas·
1351 1860 1646 1926 tradenda
1676 1910 1694 1945 ‚
1738 1861 1917 1927 heres
1949 1863 2545 1933 fideicommissarius
2573 1868 2700 1932 ad·-

680 1978 961 2065 pellatur.
982 1974 1476 2041 Fideicommisso
1505 1996 1654 2040 cum
1683 1975 1761 2039 iis
1782 2024 1800 2059 ,
1842 1975 1997 2063 quo's
2025 1999 2062 2042 e
2091 1964 2450 2045 testamento
2479 2003 2699 2068 capere

681 2093 778 2161 lex
807 2112 933 2156 non
953 2089 1190 2155 sinebat
1213 2138 1231 2172 ,
1260 2087 1531 2175 aliquid,
1563 2098 1698 2153 tum
1726 2090 1865 2155 aliis
1894 2093 2077 2178 plura
2108 2143 2126 2178 ‚
2167 2105 2275 2160 aut
2316 2095 2435 2159 alia
2457 2144 2474 2178 ,
2505 2117 2695 2181 quam
2761 2155 2773 2170 ,

684 2205 919 2274 sinebat
946 2250 973 2280 ,
1009 2202 1359 2289 relinquere
1389 2200 1648 2270 dabatur
1688 2201 1779 2293 3).
1834 2206 2161 2274 Restitutio
2197 2208 2277 2273 ab
2308 2207 2549 2272 heredis
2570 2207 2697 2274 fide

683 2333 751 2384 et>
774 2318 1006 2405 pudore
1046 2314 1388 2401 pendebat=3
1439 2316 1668 2403 quippe
1696 2319 1806 2404 qui
1853 2320 2025 2385 nullo
2059 2318 2218 2405 juris
2263 2320 2507 2389 viuculo
2523 2369 2542 2404 ‚
2590 2320 2697 2386 sed

684 2432 966 2518 precibus
994 2441 1234 2521 tantum
1264 2431 1561 2494 testatoris
1578 2430 1900 2496 obstrictus
1923 2431 2017 2519 4);
2041 2433 2267 2518 donec,
2284 2434 2545 2519 jubente
2567 2435 2696 2499 Au-

686 2557 858 2631 gusto
883 2592 899 2625 ‚
928 2553 1138 2606 contra
1178 2542 1489 2605 nolentem
1520 2544 1841 2608 restituere
1882 2546 2020 2631 lege
2067 2567 2252 2632 agere
2288 2548 2653 2631 permissum
2678 2598 2697 2616 .

680 2655 1028 2746 cognitione
1057 2654 1330 2738 primum
1362 2654 1731 2720 Consulibus
1760 2654 1958 2719 delata
1981 2703 2000 2737 ‚
2051 2657 2352 2740 posterius
2381 2661 2542 2722 inter
2584 2660 2698 2726 hos

682 2781 751 2836 et>
803 2769 1091 2832 Praetores
1150 2764 1761 2829 Fideicommissarios
1821 2773 1845 2856 (
1870 2771 1914 2854 ς
1955 2767 2083 2831 196
2113 2767 2140 2855 )
2198 2767 2384 2834 divisa
2429 2766 2536 2857 5).
2590 2773 2698 2838 Sic

679 2880 1031 2965 fiduciario,
1060 2877 1170 2966 qui
1186 2926 1205 2961 ‚
1239 2878 1513 2943 restituta
1542 2877 1878 2944 hereditate
1903 2929 1920 2963 ,
1943 2878 2134 2946 heres·
2153 2892 2355 2947 tamen
2380 2886 2696 2970 manebat,

681 2998 770 3062 nil
794 3005 1011 3081 praeter-
1028 3014 1210 3057 onera
1239 2989 1765 3078 obligationesque
1790 2993 2073 3057 relictum
2100 3017 2115 3058 ε
2147 3016 2286 3080 quae
2304 3018 2498 3083 quum
2515 3002 2701 3083 pauci

678 3114 812 3196 jam
841 3107 1151 3194 suscipere
1186 3108 1443 3188 vellent,
1490 3107 1561 3170 in
1606 3106 2238 3174 fideicommissarium
2298 3110 2411 3174 sub
2454 3113 2695 3179 Nerone

679 3224 986 3290 transtulit
1008 3222 1600 3288 senatusconsultum
1639 3222 2095 3288 Trebellianum
2125 3224 2213 3314 (a.
2252 3227 2379 3289 814
2406 3221 2432 3312 )
2457 3249 2474 3308 3
2516 3248 2691 3312 prae-

680 3338 881 3404 mium
904 3336 1373 3422 suscipientibus
1419 3336 1534 3400 sub
1563 3338 1933 3424 Vespasiano
1967 3337 2205 3403 addidit
2241 3339 2642 3424 Pegasianum
2672 3391 2692 3425 ‚

678 3464 958 3542 quartam
976 3501 995 3537 ,
1016 3451 1094 3517 ad
1120 3451 1587 3517 similitudinem
1617 3452 1770 3538 legis
1789 3452 2089 3539 Falcidiae,
2120 3464 2352 3546 parterii
2372 3451 2692 3519 fiduciario

673 3569 970 3636 tribuens.
1054 3588 1060 3595 ·

744 3731 798 3790 1)
829 3731 893 3780 V.
915 3729 1196 3795 Usekeldey
1219 3729 1399 3779 Lekrb.
1416 3730 1502 3778 deo
1519 3745 1658 3779 rom.
1679 3729 1860 3782 Rechts
1882 3727 1926 3798 §.
1948 3729 2044 3779 505
2066 3733 2118 3784 et
2133 3726 2315 3778 532-
2331 3725 2386 3792 2)
2405 3725 2692 3779 Formulam

678 3820 832 3869 hahe-
850 3822 904 3872 in
922 3822 1036 3870 loco
1070 3819 1172 3885 Caji
1193 3819 1259 3884 2,
1299 3818 1427 3868 25⁰:
1453 3833 1571 3874 cum
1611 3821 1774 3883 iqieur
1809 3820 2157 3883 scripserimus
2175 3833 2197 3865 .-
2233 3818 2480 3883 (anms)
2516 3816 2694 3867 ‘ru-ms

676 3924 832 3961 nans
864 3924 982 3961 πετο
1002 3946 1018 3974 ,
1052 3926 1324 3975 possumus
1362 3911 1578 3974 adjicere
1603 3911 1709 3968 (sc.
1730 3910 2053 3968 testamento)
2078 3923 2090 3953 :
2117 3922 2248 3959 nooo
2273 3923 2333 3956 rs
2348 3943 2365 3971 ,
2397 3905 2516 3956 Luc!
2541 3908 2652 3957 Tm
2669 3945 2688 3973 ‚

680 4017 902 4057 ητοαυι
920 4017 949 4049 Α
967 4016 1048 4064 τι,
1069 4015 1133 4049 m·
1148 4033 1167 4064 ,
1188 4014 1286 4049 cun
1303 4015 1493 4049 »amun
1515 4014 1675 4050 ross1s
1698 4013 2033 4047 autumnum
2057 4014 2190 4047 unm
2219 4014 2360 4047 Anus
2373 4035 2389 4058 ‚
2412 3998 2541 4047 Gno
2558 3998 2683 4048 Saso

677 4107 858 4149 unus
880 4127 897 4159 ,
921 4104 1197 4142 usn-rus.
1222 4089 1291 4140 De
1325 4087 1546 4139 formulis
1580 4087 1681 4136 sive
1723 4085 1882 4135 verbis
1918 4086 2175 4150 precativis
2194 4085 2678 4135 fideicommissorum
