3111 4829
1335 393 1587 477 (405)

455 527 795 594 aestimandi
831 537 972 592 sunt
1001 526 1438 613 exemplarium
1470 525 1885 592 excellentiam
1912 536 2330 612 assequentes,
2360 527 2465 591 in·-

453 644 696 708 terdum
726 652 1099 729 superantes,
1145 640 1283 721 Quo
1313 641 1566 704 nomine
1598 640 1781 725 vulgo
1823 640 2085 703 Homero
2113 650 2464 725 comparant

450 758 823 843 Virgilium3
858 757 923 821 iu
968 755 1170 843 lyricis
1218 767 1278 819 et
1325 756 1607 840 elegiacis
1636 754 1731 817 vix
1767 754 2278 838 comparationem
2309 776 2464 818 con-

362 907 365 910 >
448 870 610 935 cedit
636 872 988 935 Graecornm
1015 919 1031 954 ,
1060 892 1210 956 quos
1239 870 1511 934 Catullus
1532 917 1550 951 ,
1582 869 1863 933 Horatius
1885 917 1901 950 ,
1935 869 2279 953 Propertius
2303 917 2319 950 ,
2356 870 2464 933 alii

445 966 667 1048 imitati
696 995 837 1047 sunt
862 1034 877 1066 ,
905 984 1181 1068 jactura3
1214 993 1274 1046 et
1304 982 1480 1047 satira
1521 970 1760 1067 propria
1788 992 1875 1046 est
1904 982 2353 1046 Romanorum.
2381 983 2458 1046 In

448 1097 786 1163 oratoribus
824 1097 1217 1161 Demostheni
1263 1097 1656 1174 Ciceronem,
1698 1097 1764 1160 in
1808 1095 2107 1159 historicis
2155 1095 2457 1160 Herodoto

445 1209 684 1276 Livium
705 1260 722 1294 ,
761 1211 1108 1298 Thucydidi
1137 1211 1492 1275 Sallustium
1518 1219 1580 1273 et
1603 1208 1882 1279 Tacitum
1906 1218 2239 1293 opponunt.
2274 1208 2460 1292 Nam,
2485 1198 2492 1206 ⁸

447 1321 498 1385 si
540 1322 984 1408 philosophiam
1037 1324 1297 1409 excipias
1321 1373 1337 1405 ,
1377 1345 1492 1387 uec
1526 1324 1657 1408 pari
1695 1345 1902 1387 amore
1929 1345 1964 1388 a
2011 1323 2304 1389 Romanis
2345 1345 2462 1387 nec

446 1454 727 1498 successu
765 1436 992 1498 cultam
1008 1463 1037 1517 ‘,
1070 1433 1147 1498 de
1179 1435 1349 1524 omni
1384 1435 1721 1504 litterarum
1759 1432 2195 1498 humaniorum
2238 1455 2462 1516 genere

447 1557 611 1610 recte
671 1547 1067 1632 pronunties,
1126 1547 1282 1611 nihil
1343 1548 1713 1612 intentatum
1771 1547 2122 1633 reliquisse,
2169 1557 2237 1609 ut
2279 1567 2411 1610 eam
2440 1593 2460 1630 ,

443 1679 630 1746 quam
668 1660 736 1723 in
774 1659 1001 1724 Graecis
1040 1661 1440 1744 mirarentur,
1471 1660 1875 1746 praestantiam
1909 1661 2297 1744 attingerent;

534 1775 835 1839 Caeterum
864 1775 1212 1860 pervulgata
1240 1785 1329 1838 est
1349 1776 1687 1839 litterarum
1712 1775 2063 1838 Latinarum
2086 1774 2152 1836 in
2175 1794 2446 1857 auream,

440 1897 831 1973 argenteam,
864 1908 1085 1952 aeream
1137 1899 1199 1951 et
1256 1889 1513 1951 ferream
1538 1937 1557 1970 ,
1600 1888 1664 1951 iu
1715 1889 2011 1972 puerilem
2036 1936 2052 1969 ,
2078 1887 2416 1971 juvenilem
2441 1934 2461 1968 ,

449 2002 687 2064 virilem
720 2011 779 2064 et
823 2001 1077 2064 senilem
1114 2011 1315 2064 aetates
1356 2000 1573 2091 divisio
1589 2048 1607 2081 ,
1645 1999 1722 2063 ad
1762 2002 2037 2084 linguam
2067 1998 2319 2083 perinde
2353 2010 2461 2063 at-

452 2135 575 2199 que
612 2112 928 2196 scriptores
976 2113 1318 2195 pertinens,
1350 2113 1577 2196 quippe
1622 2133 1766 2175 cum
1810 2110 2033 2175 horum
2081 2113 2329 2198 ingenio
2358 2114 2464 2178 la·-

450 2223 633 2288 bente
663 2225 826 2287 illius
855 2226 1125 2289 castitate
1160 2234 1221 2288 et
1257 2225 1471 2288 nitore.
1514 2225 1742 2306 Aurea,
1775 2226 1890 2288 nisi
1917 2226 2092 2290 malis
2120 2225 2464 2311 antiquiora

448 2337 711 2420 addere,
761 2359 797 2402 a
852 2337 1159 2401 Ciceronis
1210 2338 1469 2400 maxime
1516 2358 1640 2401 aevo
1689 2339 1988 2424 incipiens
2042 2361 2149 2425 per
2201 2340 2463 2425 Augusti

448 2451 859 2538 principatum
887 2501 903 2533 ,
934 2472 1087 2515 aerea
1118 2474 1151 2515 a
1184 2452 1401 2515 saeculo
1434 2451 1605 2514 tertio
1647 2451 1725 2515 ad
1753 2451 1977 2516 Urbem
2012 2463 2250 2537 captam
2284 2456 2462 2539 vulgo

454 2565 830 2630 extenditur:
887 2565 1210 2651 posteriora
1253 2575 1393 2628 sunt
1444 2566 1702 2649 ferreas,
1754 2566 1856 2629 cui
1909 2567 2144 2643 luteam·
2181 2569 2462 2631 nonnulli

439 2680 760 2766 jungunt,
794 2701 902 2765 per
946 2679 1222 2745 medium
1248 2727 1266 2763 ,
1309 2690 1376 2743 ut
1412 2690 1629 2744 vocant
1654 2728 1672 2763 ,
1707 2701 1906 2744 aevum
1946 2679 2026 2744 ad
2069 2693 2306 2747 renatas
2354 2683 2462 2745 lit-

446 2803 600 2858 teras
634 2803 961 2878 patentem.
1969 2799 1974 2803 ’

536 2907 687 2969 406.
737 2906 1113 2990 Scriptorum
1142 2907 1207 2969 in
1238 2906 1466 2971 Graecis
1490 2908 1799 2973 imitandis
1828 2921 2127 2994 postremo
2159 2912 2460 2976 libertatis

445 3018 664 3083 saeculo
712 3018 912 3081 ardori
958 3042 1068 3103 par
1117 3021 1469 3105 principum
1514 3022 1770 3085 civitatis
1815 3024 2083 3088 virorum
2135 3026 2201 3088 in
2251 3026 2462 3089 litteris

445 3129 719 3196 fovendis
770 3141 953 3217 atque
993 3131 1362 3196 honorandis
1398 3134 1757 3214 liberalitas3
1803 3135 1968 3199 unde
2009 3138 2230 3220 multi,
2284 3139 2463 3204 Cice-

442 3247 608 3312 runis
656 3246 930 3330 exemplo
956 3294 972 3327 ,
1018 3257 1125 3311 aut
1172 3269 1208 3312 a
1260 3248 1518 3333 negotiis
1580 3249 1994 3314 remissionem
2022 3299 2039 3327 ,
2098 3261 2204 3315 aut
2255 3274 2462 3317 rerum

444 3360 834 3445 publicarum
885 3357 1064 3423 taedio
1117 3371 1179 3423 et
1223 3359 1486 3425 adversis
1538 3362 1848 3447 refugium
1901 3364 2273 3450 quaerebant.
2324 3365 2463 3447 Quo

441 3475 822 3562 frequentius
873 3475 1139 3539 Romam
1190 3474 1506 3561 undique,
1568 3475 1671 3539 sed
1721 3499 1755 3540 e
1805 3477 2039 3542 Graecia
2088 3482 2462 3564 praesertim,

441 3589 689 3654 litterati
726 3587 1006 3651 homines
1029 3634 1048 3670 ,
1100 3589 1519 3674 grammatici,
1563 3587 1868 3672 rhetores,
1899 3590 2275 3677 philosophi,
2310 3613 2466 3656 con-

443 3702 734 3765 fluebant.
783 3701 869 3765 Ita
902 3700 1037 3763 fieri
1071 3721 1193 3763 nou
1226 3700 1463 3784 potuit,
1505 3700 1658 3785 quin
1701 3702 1964 3786 vulgaris
2007 3704 2166 3766 iuter
2197 3703 2463 3770 eruditos

442 3825 593 3877 esset
643 3816 872 3900 linguae
926 3815 1155 3878 Graecae
1186 3814 1452 3897 cognitio
1481 3862 1497 3895 ,
1557 3825 1619 3877 et
1666 3815 1957 3899 paulatim
2011 3817 2188 3880 latius
2234 3819 2461 3904 vigeret

441 3928 782 3997 litterarum
825 3951 1033 4013 amor,
1082 3928 1293 3991 dubito
1338 3939 1584 4010 tamen,
1634 3951 1711 3991 an
1756 3950 2030 4021 unquam
2077 3933 2289 3996 Romae
2339 3943 2460 4000 tam

440 4063 550 4127 per
581 4063 791 4105 omnes
828 4043 1057 4108 civium
1099 4044 1351 4127 classes,
1397 4064 1585 4133 quam
1634 4042 1700 4112 iu
1748 4042 1982 4111 Graecia
2033 4020 2459 4137 imprimisque

439 4155 730 4238 Athenis,
762 4153 1035 4225 diffusus.
