3111 4829
1368 432 1392 515 (
1434 433 1545 494 421
1598 434 1621 516 )

936 606 1286 674 nuum,
1331 609 1764 656 mswnumn
1789 639 1807 676 ,
1854 612 2042 658 mmm.

561 754 710 817 423.
760 749 1074 816 Materiem
1115 772 1255 814 vero
1303 750 1467 837 quod
1491 751 1745 837 attinet,
1769 775 1863 816 res
1888 752 2154 834 ferebat,
2187 763 2255 815 ut
2280 751 2465 819 hodie
2489 803 2510 841 ,

469 864 750 954 quaedam
772 865 838 928 in
859 863 1092 950 lapide,
1123 885 1243 928 aere
1265 913 1282 948 ,
1305 864 1510 928 aliisve
1535 866 1834 950 metallis,
1867 876 1973 930 aut
2003 865 2069 928 in
2099 865 2269 951 ligno
2298 865 2509 956 (albos

465 979 729 1067 tabulis)
782 979 985 1044 scribi.
1033 977 1271 1042 Privato
1341 980 1537 1064 magis
1582 980 1721 1043 usui
1753 980 2091 1066 antiquitus
2130 963 2272 1044 folia
2317 976 2421 1067 1),
2451 989 2512 1042 et

465 1093 721 1157 interior
768 1102 972 1157 cortex
1024 1088 1266 1180 (liber)
1306 1092 1598 1156 arborum
1622 1092 2052 1179 quarundam,
2090 1103 2257 1178 post,
2297 1102 2515 1177 praeter

465 1206 630 1291 alia,
677 1208 743 1270 in
792 1206 1017 1293 quibus
1058 1206 1296 1288 linum,
1350 1205 1518 1269 unde
1568 1206 1712 1269 libri
1756 1207 1933 1270 lintei
1977 1203 2080 1294 2),
2138 1228 2400 1294 papyrus
2444 1201 2512 1292 3)

474 1320 799 1409 AEgyptius
857 1317 1152 1411 (βύβλος,
1218 1342 1482 1406 papyrus
1507 1369 1525 1402 ,
1594 1341 1850 1406 cyperus
1918 1342 2181 1406 papyrus
2245 1315 2512 1406 Linn.),

472 1433 682 1501 charta
712 1435 1070 1521 AEgyptiaca
1093 1481 1111 1516 ,
1152 1434 1386 1498 Niliaca
1433 1429 1500 1519 4)
1526 1481 1544 1515 ,
1593 1433 1952 1496 menbrana}
1991 1431 2236 1521 (charta
2276 1434 2517 1518 Perga-

396 1551 407 1562 '
470 1567 695 1629 mena,
742 1543 1221 1633 parchemin),
1284 1556 1388 1629 et,
1462 1543 1771 1609 enotando
1827 1543 2343 1609 commodissimae
2396 1542 2516 1632 5),

476 1662 702 1726 tabulae
738 1661 959 1747 ligneae
996 1683 1135 1725 cera
1168 1659 1447 1724 obductae
1471 1709 1487 1742 ,
1522 1659 1752 1722 tabulae
1775 1708 1793 1743 ,
1827 1656 2030 1742 πίναξ,
2072 1680 2268 1741 cerae,
2307 1659 2518 1744 pugil-

476 1776 634 1842 lares
658 1775 748 1865 6).
790 1777 1138 1842 Posterioris
1161 1777 1357 1841 multo
1401 1797 1546 1840 usus
1574 1773 1781 1839 charta
1805 1773 2204 1860 bombycina3
2236 1772 2519 1837 omnium

472 1888 838 1974 novissima,
892 1911 1015 1976 qua
1064 1888 1249 1954 hodie
1308 1888 1587 1973 utimur,
1651 1888 1872 1952 saeculo
1937 1889 2085 1956 xlv
2138 1884 2254 1977 (?)
2320 1887 2519 1950 intro-

474 2001 665 2068 ducta
703 2000 795 2090 7).
2205 2085 2208 2086 7

470 2123 477 2132 ‘
560 2117 1050 2182 lustramentum
1096 2117 1452 2201 scribentis,
1505 2128 1577 2180 ut
1615 2118 1679 2180 in
1727 2116 1972 2181 duriore
2000 2117 2253 2181 materia
2279 2164 2296 2199 ,
2335 2117 2420 2180 sic
2451 2117 2520 2181 in

475 2230 661 2312 ceris,
692 2230 879 2315 stylus
918 2225 946 2317 (
976 2231 1263 2305 γλυφιῖοι,
1307 2229 1590 2308 γμφιῒυ,
1624 2225 1953 2311 graphium
1981 2209 2198 2309 ,Ovid.
2238 2224 2395 2292 Am.
2448 2229 2517 2301 1,

484 2346 609 2426 11,
649 2339 844 2430 23.)‚
879 2342 1067 2406 altera
1091 2352 1261 2428 parte
1290 2351 1549 2425 acutus,
1594 2340 1809 2404 litteris
1857 2339 2212 2424 exarandis,
2256 2339 2377 2403 sive
2418 2339 2522 2403 in-

482 2454 799 2540 cidendis,
858 2476 998 2543 quae
1047 2456 1289 2542 propria
1341 2455 1430 2518 vis
1472 2453 1807 2518 verborum
1851 2455 2078 2537 γράφω
2130 2466 2189 2518 et
2217 2452 2518 2539 scribere,

483 2567 668 2635 altera
696 2571 952 2656 planus,
991 2567 1252 2634 delendo
1280 2581 1341 2634 et
1364 2568 1744 2655 laevigand03
1777 2592 1900 2659 quo
1922 2568 2189 2635 trahitur
2211 2569 2393 2633 litura
2426 2566 2517 2655 8).

479 2682 817 2770 Pingendis
859 2684 1075 2749 litteris
1115 2683 1402 2770 penicillo
1427 2731 1445 2767 ,
1491 2683 1559 2748 in
1597 2683 1976 2748 membranis
2009 2683 2266 2770 aliisque
2295 2680 2521 2749 chartis

480 2800 667 2885 vulgo
715 2800 948 2863 calamo
994 2794 1259 2890 (δίκε),
1302 2798 1591 2884 AEgyptio
1642 2796 1906 2861 maxime
1955 2808 2062 2861 aut
2111 2797 2341 2863 Gnidio
2409 2796 2519 2885 9),

486 2912 687 2976 colore
744 2914 1110 2998 plerumque
1135 2911 1313 2997 nigro
1336 2958 1352 2994 ,
1373 2921 1710 2974 atramento
1753 2909 2000 2974 librario
2035 2906 2175 2997 10),
2211 2933 2334 2996 quo
2358 2912 2521 2999 sepia

485 3046 735 3113 quoquc
779 3025 1098 3089 referenda
1156 3023 1306 3113 11),
1350 3024 1417 3089 in
1465 3026 1659 3090 titulis
1681 3046 1837 3110 saepe
1883 3024 2364 3108 rubro,minio,
2411 3048 2522 3088 ru-

490 3134 663 3201 brica
719 3134 862 3225 12),
907 3137 1239 3202 utebantur
1263 3185 1281 3219 ,
1331 3138 1439 3222 qui
1480 3136 1686 3201 medio
1717 3158 1841 3201 aevo
1879 3135 2301 3200 usitatissimus
2321 3136 2524 3219 majo-

493 3252 667 3315 ribus
717 3252 970 3334 litteris,
1024 3250 1357 3336 'praesertim
1417 3250 1484 3313 in
1534 3249 1808 3336 capitum
1875 3249 2092 3333 initio,
2151 3249 2520 3335 pingendis,

490 3361 780 3428 adhibitis
822 3363 956 3427 aliis
998 3384 1242 3453 quoque
1269 3374 1329 3426 et
1351 3363 1416 3427 in
1454 3363 1529 3427 iis
1558 3388 1707 3428 auro
1746 3374 1806 3429 et
1835 3376 2129 3451 argeum,
2155 3366 2276 3430 sive
2306 3365 2384 3429 ad
2405 3368 2514 3430 lit-

486 3488 642 3543 teras
684 3478 806 3541 sive
848 3456 1100 3543 omnino
1146 3476 1226 3541 ad
1273 3478 1640 3564 paginarum
1685 3491 1990 3546 ornatum.
2044 3482 2246 3546 Rubri
2288 3482 2515 3567 species

484 3602 883 3673 encaustum,
933 3589 1101 3661 unde
1143 3591 1503 3655 itachioetro
1554 3604 1615 3656 et
1673 3616 1861 3656 encre
1913 3590 2077 3680 13),
2130 3594 2518 3659 documentis

487 3702 937 3767 subscribendis
987 3701 1065 3767 ab
1109 3703 1588 3788 Imperatoribus
1632 3705 1904 3771 Orientis
1947 3720 2331 3793 usurpatum.
2385 3710 2517 3776 Ve-

488 3820 812 3883 tustissima
865 3829 1071 3884 autem
1117 3819 1494 3884 consuetudo
1543 3819 1823 3904 chartas,
1871 3822 2173 3886 firmitatis
2224 3806 2407 3887 simul
2455 3836 2518 3888 ct

488 3930 701 3996 nitoris
738 3934 970 4018 gratia,
999 3933 1245 4019 pumice
1268 3933 1539 4019 poliendi
1565 3945 1626 3998 et
1649 3934 1833 4000 cedro
1860 3936 2183 4022 unguendi
2212 3937 2345 4025 14).

554 4113 604 4176 1)
641 4114 875 4181 cLVirg.
913 4119 1035 4169 AEn.
1069 4120 1130 4185 5,
1173 4118 1289 4171 444.
1322 4121 1458 4186 -2)
1503 4120 1704 4186 Liv.X,
1729 4120 1897 4175 43.-
1920 4121 1976 4189 ὅ)
2017 4123 2222 4173 Coi-ficis
2260 4123 2362 4173 sive
2400 4122 2516 4173 libri
