3111 4829
1230 439 1441 521 (67)

336 571 388 631 ὅ,
409 569 490 631 ὅθ,
513 570 566 633 2,
583 569 724 632 lingo
745 567 791 637 §.
819 570 915 634 62,
944 570 1108 635 Sigon.
1140 571 1203 619 de
1218 573 1340 620 Ant.
1373 572 1501 621 ,lure
1517 574 1615 621 cio.
1632 586 1759 621 rom·
1778 572 1817 619 Ι.
1839 570 1886 621 1.
1906 588 1954 620 c.
1990 572 2038 621 θ.
2059 573 2226 639 ibique
2243 579 2344 628 loe.

335 658 500 720 Quint.
523 659 554 709 7
574 696 591 722 ‚
610 659 642 708 5
663 695 679 722 ‚
699 675 753 723 p.
768 658 866 709 434
886 660 967 708 ed.
991 659 1198 725 Gapper.
1216 659 1354 709 Idem
1373 660 1541 723 Quint.
1566 659 1617 724 5,
1634 661 1687 723 6,
1707 675 1758 723 p.
1781 660 1874 709 165
1889 697 1904 724 ‚
1927 665 2134 727 quoem'o
2150 699 2169 728 ,
2188 680 2259 715 an
2279 668 2348 731 is,

335 763 483 812 quem
498 783 517 813 ,
543 749 667 798 dum
689 750 890 799 addicta
912 756 987 798 est
998 783 1017 813 ,
1036 756 1197 798 maur
1213 750 1412 814 peperit
1430 783 1450 814 ,
1472 765 1648 798 cervus
1667 751 1736 797 αἳ
1755 756 1926 798 natue.

424 974 530 1038 73.
578 974 1013 1040 Decemviralis
1044 975 1198 1061 legis
1224 974 1673 1041 immanitatem
1700 998 1755 1040 a.
1786 978 1936 1039 428.
1964 978 2219 1040 mutavit
2249 980 2344 1044 lex

331 1086 557 1172 petillia
579 1087 809 1173 papiria
831 1136 849 1172 ,
872 1087 1252 1154 occasionem
1273 1089 1580 1176 praebeute
1602 1088 1979 1155 foeneratoris
2015 1088 2332 1156 libidinosi

334 1198 687 1265 crudelitate
711 1249 729 1283 ,
759 1222 948 1289 quam
961 1224 1217 1268 narrans
1235 1202 1360 1267 Liv.
1387 1250 1405 1285 ‚
1442 1206 1515 1285 8,
1536 1205 1622 1267 28
1639 1250 1657 1285 ,
1682 1201 1851 1267 addit
1852 1204 2169 1291 jussique
2190 1227 2348 1269 con-

334 1313 507 1378 eules
524 1314 700 1401 farre
721 1314 817 1379 ad
829 1317 1144 1403 populum
1161 1343 1186 1380 .-
1208 1340 1289 1381 πο
1317 1318 1493 1404 quie,
1514 1318 1656 1381 m‘n‘
1675 1318 1793 1405 qui
1810 1338 2055 1381 noxam
2074 1322 2348 1384 meruis-

332 1436 431 1489 set
454 1470 478 1500 ,
507 1424 705 1489 donec
730 1450 997 1513 poenam
1043 1430 1295 1505 lueret,
1345 1432 1420 1493 in
1451 1428 1862 1516 compedihue
1893 1440 2015 1494 aut
2054 1433 2131 1495 in
2155 1454 2350 1497 nervo

334 1548 659 1602 teneretur
678 1584 705 1614 ,
742 1544 1042 1625 pecunioe
1067 1542 1337 1607 croditae
1366 1542 1529 1607 hona
1567 1542 1879 1609 debitoris
1899 1590 1926 1620 ,
1956 1566 2086 1609 non
2114 1568 2349 1633 eorpus

329 1648 676 1715 obnoxium
705 1664 885 1718 esset.
923 1654 1044 1720 Ubi
1088 1653 1373 1739 nonnihil
1410 1655 1779 1743 ambiguum
1804 1705 1822 1740 ,
1874 1668 2085 1723 utrum
2123 1680 2353 1744 corpus

321 1772 500 1827 antea
528 1762 787 1828 vinculis
810 1776 1049 1833 tantum
1076 1768 1554 1856 verberibusque
1583 1770 1788 1835 Livius
1810 1819 1829 1854 ‚
1858 1792 1939 1835 an
1983 1771 2169 1838 etiam
2195 1793 2345 1835 me-

327 1885 574 1941 moratae
601 1886 765 1941 trans
809 1878 1079 1945 Tiberim
1109 1880 1446 1946 venditioni
1478 1892 1538 1946 et
1594 1882 2017 1950 membrorum
2063 1882 2345 1949 divisioni

325 1988 656 2055 obnoxium
697 1990 1040 2059 crediderit.
1082 1994 1246 2059 Illud
1295 2006 1507 2060 autem
1559 1997 1883 2063 manifesto
1944 2007 2197 2062 testatur
2220 2046 2239 2081 ,
2284 2008 2348 2061 et

326 2102 612 2168 nectendi
638 2115 700 2169 et
717 2127 902 2170 omne
929 2106 996 2170 in
1017 2128 1240 2193 eorpus
1267 2108 1517 2172 obaerati
1537 2130 1643 2192 Jus
1669 2107 2077 2174 creditoribus
2104 2092 2176 2173 ea
2201 2110 2344 2195 lege

325 2214 642 2281 ademtum
666 2266 684 2301 ‚
716 2218 906 2305 inque
942 2218 1308 2284 addictionis
1333 2218 1398 2307 1)
1425 2221 1634 2285 locum
1656 2220 2008 2285 successisse
2034 2220 2343 2285 bonorum

323 2328 759 2397 venditionem.
817 2331 1034 2397 Simile
1080 2332 1319 2396 Solonis
1368 2331 1535 2420 apud
1566 2330 1971 2397 Athenienses
2003 2330 2352 2397 institutum

324 2449 671 2527 νιινᾶχθιιι
686 2497 704 2527 ,
732 2444 1137 2511 oreditoribus
1162 2446 1269 2530 jus
1287 2446 1538 2511 obaerati
1567 2466 1789 2531 corpus
1811 2446 2059 2531 pignori
2081 2444 2351 2511 habendi

326 2555 607 2621 adimens
629 2554 720 2645 2).
742 2556 823 2620 At
844 2557 1011 2620 enim
1032 2558 1236 2643 legem
1252 2557 1572 2642 petillium,
1600 2578 1723 2642 qua
1748 2557 1879 2642 ipse
1900 2556 2103 2621 Livius
2117 2560 2353 2647 inqene
2393 2569 2406 2582 ·

329 2668 666 2735 vinculum
686 2668 855 2757 fidei
873 2669 1140 2734 solutum
1174 2670 1400 2734 fatetur
1426 2718 1444 2753 ‚
1485 2691 1568 2734 ne
1612 2668 1726 2734 diu
1748 2718 1768 2753 ,
1808 2681 1972 2736 certe
1998 2719 2016 2754 ‚
2047 2669 2127 2735 ad
2148 2681 2349 2734 extre-

332 2803 496 2846 mam
518 2771 864 2846 libertatem
886 2805 967 2848 ne
987 2783 1251 2870 viguisse
1289 2793 1577 2868 putemus
1598 2831 1616 2863 ‚
1643 2793 1705 2847 et
1730 2783 2001 2848 Sallustii
2022 2832 2040 2867 ,
2069 2784 2203 2851 Cat.
2226 2788 2310 2875 30
2327 2834 2351 2867 ,

328 2892 494 2957 locus
518 2888 588 2979 3)
624 2891 844 2959 suadet
864 2942 883 2976 ,
914 2905 976 2958 et
998 2895 1113 2958 sub
1142 2894 1483 2961 Caesaribus
1512 2892 1786 2959 addictos
1816 2893 2022 2958 denuo
2064 2895 2346 2958 vinctos-

329 3025 450 3090 que
489 3024 617 3067 esse
660 3004 951 3069 oboeratos
974 3054 993 3089 ,
1039 3016 1254 3070 testem
1280 3005 1583 3072 habemus
1615 3005 1890 3071 Gellium
1917 3005 2009 3095 4).
2055 3007 2348 3092 Denique

331 3139 411 3181 aas
435 3118 707 3184 alienum
726 3166 747 3201 ,
788 3127 927 3182 uta
968 3118 1245 3203 Regibus
1282 3120 1545 3204 expulsis
1567 3119 1728 3183 inter
1749 3118 2095 3204 praecipuas
2122 3117 2350 3204 plebe-

328 3229 538 3318 jorum
557 3231 815 3296 miserias
841 3242 903 3294 et
940 3230 1132 3294 civilis
1155 3230 1470 3295 discordiae
1507 3254 1727 3297 causas
1747 3279 1765 3314 ‚
1816 3232 1902 3295 sic
1936 3240 2204 3294 extrema
2222 3228 2353 3313 jam

334 3335 610 3412 libertate
676 3345 839 3409 inter
901 3345 1248 3430 gravissima
1305 3344 1665 3431 reipublicae
1732 3344 1893 3409 mala
1958 3343 2308 3407 invenimus
2329 3391 2349 3426 ,

334 3454 627 3524 obaera'tos
669 3478 814 3521 vero
850 3466 987 3520 tum
1025 3455 1159 3520 aliis
1192 3454 1389 3519 modis
1412 3504 1431 3540 ,
1475 3467 1611 3519 tum
1641 3456 1812 3521 novis
1834 3454 2058 3518 tabulis
2085 3448 2192 3540 5),
2229 3453 2354 3516 sive

338 3568 631 3635 suadente
674 3569 1031 3636 necessitate
1065 3616 1083 3651 ‚
1152 3569 1274 3632 sive
1327 3569 1407 3634 ab
1470 3590 1774 3633 novarum
1821 3587 2034 3632 rerum
2076 3564 2357 3629 studiosis

337 3671 735 3771 relevatosfi)
763 3707 781 3767 ;
822 3705 945 3770 qua
964 3703 1034 3747 re
1055 3729 1075 3766 ‚
1102 3675 1318 3746 dubito
1337 3729 1358 3765 ‚
1392 3683 1682 3747 foenusne
1707 3728 1725 3762 ,
1768 3701 1851 3744 an
1890 3677 2142 3742 omnino
2171 3699 2355 3742 sum—

340 3818 455 3861 mas
486 3785 837 3863 debitorum
879 3806 1116 3883 partem
1140 3844 1158 3879 ‚
1203 3818 1277 3860 ac
1310 3793 1682 3882 quandoque
1720 3793 2026 3876 integram
2050 3811 2222 3877 paene
2252 3813 2355 3855 re-

336 3910 585 3976 missam
600 3901 960 3976 existimem.
983 3910 1190 3991 Quam
1206 3908 1377 3974 enim
1396 3904 1746 3973 metuendae
1764 3902 2163 3970 creditoribus
2183 3925 2356 3968 novae

339 4022 559 4088 tabulae
578 4024 816 4088 fuerint
836 4069 855 4106 ‚
890 4033 952 4087 et
984 4023 1119 4087 aliis
1138 4073 1157 4108 ,
1193 4034 1255 4087 et
1300 4045 1425 4087 uno
1457 4018 1711 4089 Caesaris
1750 4017 2068 4083 loco-satis
2111 4016 2355 4082 intelli-

343 4131 566 4220 gimus,
585 4135 697 4201 ubi
720 4134 928 4219 simul,
948 4156 1135 4222 quam
1158 4135 1288 4221 ipse
1316 4133 1694 4201 debitoribus
1707 4130 1965 4218 gratiam
1995 4128 2356 4215 praestiterit,
