3111 4829
1547 394 1573 472 (
1611 387 1733 451 426
1771 387 1797 469 )

632 513 731 599 'J.
772 530 854 597 R.
902 523 1100 594 mter.
1147 531 1307 592 rom.
1333 525 1383 589 1:
1418 544 1478 608 p.
1526 522 1676 585 245.
1718 538 1888 603 sqq„
1931 513 2096 578 neck
2145 510 2520 577 crunam,
2560 508 2687 573 aer

663 644 960 712 Archaeol.
985 666 1046 729 p.
1079 642 1228 706 110.
1257 659 1384 727 sqq.

726 832 779 897 1)
800 831 877 880 cf.
896 830 1033 879 Suet.
1055 825 1218 876 Galba
1238 821 1323 872 23.
1342 849 1400 859 —
1422 820 1476 885 2)
1499 819 1616 884 Ejus
1637 834 1668 867 ι
1688 818 1746 866 Ρ.
1771 815 2033 866 ciacconio
2053 813 2292 878 suppletae
2311 810 2493 873 (Thes.
2509 812 2687 862 Groev.

673 936 725 971 v.
748 920 811 982 4,
835 935 888 985 p.
911 914 1074 981 1807>
1099 915 1196 962 hoc
1230 910 1459 959 initium:
1486 909 1544 958 C.
1580 908 1767 957 Baros.
1794 923 1850 955 ι.
1895 921 1943 954 r.
1982 919 2091 954 cos.
2131 916 2412 953 nvosson.
2460 918 2692 950 muncr-

620 1013 629 1034 ³
657 1024 903 1064 mansus.
923 1022 1005 1056 n.
1024 1019 1265 1055 stonum.
1288 1017 1405 1050 ιιι.
1439 1013 1639 1060 οιικκε.
1664 1010 1956 1047 scusi-mos.
1980 1007 2248 1045 cocunos.
2272 1008 2437 1044 reru.
2462 992 2687 1042 Ronm.

662 1114 932 1154 nusum»
954 1107 1254 1146 ossxnxoun.
1293 1095 1394 1140 etc.
1437 1088 1499 1168 ln
1526 1086 1667 1151 queis
1698 1101 1728 1135 e
1761 1090 1950 1134 servata
1968 1081 2300 1146 inscriptionis
2337 1086 2476 1145 parte
2495 1080 2568 1129 nil
2589 1080 2690 1129 nisi

660 1190 842 1239 litterae
865 1187 908 1234 A
927 1184 967 1233 N
986 1182 1025 1231 Ο
1045 1181 1098 1230 in
1116 1195 1239 1232 voce
1263 1175 1619 1227 tessrsnosN.
1639 1173 1846 1239 Polion,
1870 1174 1932 1222 de
1948 1174 2139 1235 linquar
2161 1171 2336 1220 latim
2355 1185 2458 1219 usu
2480 1175 2529 1216 oe
2545 1183 2686 1232 ρω-

663 1278 855 1328 σεωιιία
874 1309 890 1337 ,
923 1272 963 1321 l.
1003 1271 1067 1336 2,
1094 1285 1147 1334 p.
1185 1268 1306 1331 155,
1330 1265 1411 1315 ed.
1436 1264 1692 1314 Hoshcim.
1714 1264 1753 1311 E
1788 1261 1950 1312 verbis
1985 1265 2152 1309 autem
2169 1294 2187 1320 ‚
2225 1273 2340 1322 qua
2375 1258 2566 1322 integra
2596 1273 2689 1306 su-

662 1369 895 1432 persunt,
918 1361 1123 1410 cam-eie
1141 1395 1157 1421 ‚
1182 1356 1459 1421 associant,
1481 1361 1646 1420 cepoe,
1670 1367 1834 1418 enque
1855 1352 2024 1401 eodem
2038 1386 2060 1416 ‚
2089 1348 2304 1399 neubon
2325 1349 2495 1398 maria
2512 1346 2692 1398 consol

670 1457 897 1519 primos,
929 1451 1134 1502 navales
1147 1450 1343 1513 primos
1363 1450 1569 1495 ornava!
1583 1479 1600 1506 ‚
1623 1448 1722 1491 etc.
2631 1462 2635 1466 «

756 1597 906 1684 427.
955 1590 1009 1654 A
1035 1586 1250 1653 ceteris
1271 1580 1691 1647 discernendas
1719 1577 2147 1664 inscriptiones
2170 1598 2504 1642 numorum
2517 1625 2538 1660 ,
2562 1577 2692 1643 sive

667 1715 931 1771 monetae
954 1701 1193 1787 proprie
1220 1696 1246 1786 (
1261 1699 1322 1782 ς.
1349 1695 1590 1760 386-7.
1611 1689 1636 1781 )
1657 1741 1674 1774 ,
1705 1692 1825 1757 sive
1852 1711 2065 1755 eorum
2087 1738 2104 1773 ‚
2129 1711 2281 1778 quos
2306 1690 2696 1754 memoriales

668 1828 885 1883 vocant
920 1814 946 1904 (
966 1810 1275 1878 me'daille
1296 1854 1321 1885 ,
1366 1807 1773 1882 mddaillon,
1814 1804 2066 1869 missilia
2091 1852 2108 1887 ‚
2152 1804 2404 1868 maximi
2449 1802 2702 1867 moduli

665 1917 1137 2012 numismata.),
1182 1942 1297 1986 nec
1344 1921 1533 2005 ipsos,
1585 1929 1656 1986 ut
1696 1917 1975 2004 videtur,
2025 1940 2141 1981 usu
2188 1917 2432 2002 publico
2470 1939 2694 1981 omnes

664 2019 934 2112 exclusos
955 2090 970 2121 ,
1003 2035 1293 2103 caeterum
1326 2029 1579 2120 majoris
1604 2028 1840 2094 moduli
1870 2040 1930 2094 et
1956 2049 2141 2093 aereos
2167 2031 2505 2116 plerosque.
2536 2032 2693 2094 Mo·-

664 2169 873 2223 netam
913 2153 1302 2238 distinguunt
1349 2147 1567 2210 litterae
1608 2145 1670 2209 S.
1730 2142 1796 2209 C.
1823 2190 1842 2226 ,
1891 2144 2408 2207 senatusconsulto
2463 2144 2694 2208 factam

664 2270 1045 2348 indicantes,
1088 2263 1157 2326 in
1204 2259 1375 2324 aereis
1413 2259 1597 2343 vulgo
1620 2301 1639 2334 ,
1684 2256 1752 2318 in
1800 2254 2107 2342 argenteis
2145 2266 2209 2319 et
2248 2257 2453 2321 aureis
2493 2255 2696 2321 rarius

608 2364 614 2372 ¹
665 2392 1054 2453 occurrentes
1086 2373 1173 2467 1).

758 2499 1067 2563 Caeterum
1110 2485 1397 2554 latissime
1448 2494 1614 2570 patet
1661 2502 1999 2547 numorum
2046 2463 2365 2549 doctrina:
2420 2505 2532 2549 nos
2577 2508 2694 2550 se—

668 2609 918 2698 quentia
947 2614 1250 2668 notamus.
1280 2599 1355 2661 In
1385 2596 1591 2660 numis
1621 2593 1915 2659 Romanis
1953 2592 2385 2679 distinguunt,
2429 2594 2507 2658 ad
2535 2618 2698 2683 quos

606 2800 607 2803 Ἴ
679 2725 866 2789 etiam
908 2717 1238 2782 trahuntur
1287 2711 1530 2775 nullum
1582 2707 1831 2771 familiae
1879 2728 2108 2770 nomen
2158 2705 2507 2772 exhibentes
2559 2705 2697 2795 2),

674 2833 1020 2903 consulares
1048 2828 1169 2891 sive
1204 2823 1614 2903 familiarum,
1661 2831 1721 2884 et
1751 2840 1971 2883 numos
1998 2819 2440 2904 Imperatorum
2465 2843 2482 2903 ;
2531 2821 2699 2886 illo-

667 2970 812 3015 rum
845 2969 880 3011 a
904 2941 1187 3029 Regibus
1216 2936 1476 3023 expulsis
1496 2985 1513 3019 ‚
1543 2934 1770 2999 horum
1807 2957 1845 2998 a
1883 2933 2265 3019 principibus
2299 2946 2563 3000 extrema
2593 2934 2699 3000 li-

669 3063 905 3129 bertate
945 3056 1127 3139 viris,
1175 3049 1466 3137 Pompejo
1512 3048 1630 3131 M„
1671 3047 1727 3112 J.
1775 3046 2008 3111 Caesare
2032 3094 2050 3131 ,
2095 3045 2403 3129 Antonio,
2434 3047 2700 3134 aliisque

672 3174 935 3241 deducta
983 3168 1163 3233 series
1218 3187 1322 3251 per
1365 3161 1625 3226 Caesares
1674 3159 2017 3225 extenditur
2046 3156 2150 3247 3).
2203 3156 2281 3223 In
2329 3148 2518 3247 signis
2572 3184 2700 3226 au-

674 3300 801 3353 tem
830 3300 1166 3351 mimorum
1217 3277 1410 3366 (notae
1454 3268 1863 3362 pecuniariae)
1886 3320 1904 3355 ,
1954 3269 2389 3337 discernuntur
2422 3272 2700 3360 pretium

620 3474 623 3477 Α
670 3392 1047 3465 indicantia:
1095 3392 1162 3455 in
1192 3409 1320 3454 asse
1343 3387 1408 3469 1,
1454 3386 1519 3449 in
1561 3384 1805 3448 semisse
1838 3384 1881 3447 S
1914 3379 2214 3473 (semis),
2257 3384 2327 3447 in
2371 3385 2590 3449 triente
2632 3397 2700 3450 et

672 3509 1019 3579 minoribus
1061 3513 1288 3591 puncta
1337 3495 1664 3590 (globuli)
1719 3518 1829 3582 pro
1873 3518 2135 3561 numero
2189 3496 2564 3582 unciarum3
2624 3499 2700 3564 in

671 3625 942 3711 sertertio
968 3620 1029 3687 ΙΙ
1059 3622 1102 3684 S
1130 3619 1224 3683 vel
1252 3618 1311 3681 11
1335 3618 1378 3681 S
1401 3662 1419 3699 ,
1456 3614 1526 3678 in
1555 3610 1838 3699 quinario
1870 3611 1928 3679 V
1958 3612 2053 3675 vel
2085 3609 2171 3694 Q,
2201 3607 2264 3674 in
2310 3610 2563 3677 denario
2606 3613 2696 3680 X.

661 3745 741 3807 In
770 3720 1082 3807 Caesarum
1115 3727 1324 3797 numis
1360 3728 1546 3813 vulgo
1588 3744 1786 3790 annus
1823 3720 2161 3788 tribunitiae
2196 3725 2506 3809 potestatis
2532 3774 2550 3810 ,
2577 3727 2696 3813 qui

669 3864 731 3917 et
768 3850 1049 3938 imperii,
1087 3846 1412 3912 indicatur.
1459 3840 1538 3904 In
1580 3838 1799 3904 iisdem
1837 3860 1912 3903 ex
1945 3837 2132 3902 altera
2170 3848 2339 3923 parte
2370 3837 2560 3927 (pars
2587 3840 2701 3906 ad-

666 3987 835 4030 versa
859 4014 876 4048 ,
904 3986 1108 4030 aversa
1136 3985 1183 4027 s.
1222 3952 1483 4047 postica)
1531 3952 1919 4041 Imperatoris
1950 3949 2179 4037 effigies
2205 3974 2222 4034 ;
2282 3951 2348 4015 in
2390 3952 2698 4019 consula-

663 4080 835 4145 ribus
872 4078 1176 4171 nobilium
1217 4071 1593 4141 familiarum
1635 4068 1835 4155 stirpis
1861 4077 2114 4152 auctor,
2160 4066 2330 4131 velut
2362 4064 2432 4129 in
2474 4067 2694 4131 numis
