3111 4829
1541 352 1789 444 (4⁰8)

982 501 1382 553 »munaum
1424 507 1503 550 m·
1546 505 1940 550 scammum
1985 507 2354 553 murno-1⁹10.

1560 595 1774 638 1‘08818.

746 718 892 782 409.
940 717 1142 779 Prima
1171 714 1359 800 poesis
1386 715 1808 778 Romanorum
1833 723 1942 795 ‚ut
1971 724 2289 778 auctorum
2319 713 2676 781 testimonio
2729 696 2733 700 <

653 840 920 911 constat,
967 827 1484 914 quemadmodum
1531 825 1887 890 Graecorum
1930 821 2314 914 aliarumque
2346 829 2629 914 gentium
2658 875 2679 911 ,

652 965 817 1008 sacra
842 942 990 1023 suit,
1012 941 1295 1027 religioni
1311 988 1328 1022 ‚
1352 950 1420 1002 ut
1442 960 1692 1002 carmen
1718 939 1945 1003 Saliare
1961 988 1978 1020 ,
2003 951 2062 1003 et
2084 942 2328 1004 oracula
2352 942 2681 1027 Sibyllina,

651 1055 914 1140 aliaque,
940 1054 1292 1134 inserviens,
1317 1052 1572 1115 deorum
1599 1050 1983 1137 heroumque
2008 1054 2218 1117 laudes
2244 1054 2560 1118 celebrans
2588 1053 2677 1141 1),

650 1166 772 1231 sive
797 1166 933 1252 quis
975 1166 1212 1250 epicam
1234 1165 1402 1227 illam
1436 1165 1697 1248 poetices
1726 1165 2016 1250 magister
2039 1214 2055 1246 ‚
2087 1166 2208 1229 sive
2236 1166 2528 1252 lyricam,
2553 1163 2688 1231 sive

648 1302 721 1344 ex
767 1290 1025 1364 utroque
1064 1278 1312 1342 mixtam
1334 1277 1571 1363 fingere
1618 1279 1870 1342 mavult.
1912 1273 2257 1342 Scoliorum
2301 1301 2499 1365 genus
2527 1301 2677 1343 cum

645 1391 746 1457 Fr.
781 1393 885 1455 Ast
934 1389 1001 1480 2)
1050 1393 1248 1455 facere
1299 1390 1484 1475 possis
1529 1392 1838 1453 clarorum
1886 1390 2158 1453 virorum
2209 1391 2463 1455 virtutes
2509 1392 2676 1454 inter

646 1505 854 1590 epulas
882 1526 918 1567 a
958 1504 1224 1568 convivis
1262 1502 1340 1567 ad
1384 1501 1701 1566 tibicinem
1749 1513 2018 1566 cantatas
2060 1500 2150 1589 3).
2198 1503 2377 1567 Sexto
2420 1502 2678 1568 demum

646 1618 903 1700 saeculo,
942 1614 1093 1679 Livii
1137 1614 1517 1697 Andronici,
1561 1638 1616 1679 a.
1664 1615 1811 1678 512.
1863 1612 1928 1701 4)
1974 1614 2275 1698 florentis,
2321 1618 2675 1701 exemplum

647 1727 875 1812 secuti,
916 1751 1038 1792 non
1085 1728 1264 1812 pauci
1296 1726 1390 1815 (ς.
1439 1723 1637 1814 353.)
1668 1725 2074 1790 dramaticum
2109 1750 2342 1810 genus,
2393 1728 2515 1792 sive
2540 1740 2683 1793 tra—

648 1844 856 1929 gicum
889 1841 1010 1905 sive
1037 1840 1343 1904 comicum
1372 1888 1388 1921 ‚
1432 1840 1758 1904 coluerunt
1791 1837 1883 1928 5).
1915 1841 1988 1903 ln
2021 1840 2140 1903 illis
2170 1840 2422 1906 Plautus
2458 1854 2517 1905 et
2548 1844 2685 1907 Te-

645 1958 917 2040 rentius;
972 1952 1346 2040 reliquorum
1389 1963 1495 2016 aut
1543 1947 1702 2015 nihil
1748 1962 1855 2014 aut
1891 1952 2235 2036 fragmenta
2272 1952 2551 2039 quaeclam
2579 2003 2598 2036 ‚
2632 1978 2672 2018 e
2723 1982 2734 1988 ·

645 2074 950 2140 Caesarum
982 2090 1119 2131 vero
1147 2078 1320 2130 aetate
1359 2066 1425 2129 L.
1452 2066 1656 2128 Annei
1700 2066 1947 2129 Senecae
1977 2066 2289 2152 tragoedioe
2321 2079 2673 2152 supersunt.

646 2181 879 2250 Comici
920 2180 1161 2268 generis
1192 2177 1515 2265 peculiaris
1545 2177 1774 2261 species
1808 2178 1984 2241 mimi
2025 2175 2135 2265 6),
2180 2179 2354 2265 queis
2375 2202 2670 2265 magnam

643 2297 892 2362 laudem
933 2293 1135 2378 adepti
1161 2292 1230 2356 P.
1266 2293 1496 2377 Syrus,
1534 2290 1715 2374 cujus
1753 2290 2067 2354 sententiaa
2090 2337 2107 2372 ,
2140 2300 2201 2354 et
2229 2293 2303 2357 D.
2338 2290 2632 2356 Laberius
2655 2339 2673 2376 ‚

644 2410 823 2495 cujus
852 2410 1193 2493 fragmenta
1224 2426 1528 2489 perpauca
1561 2413 1888 2488 supersunt
1917 2399 2008 2491 7).

735 2523 938 2607 Epicae
976 2518 1207 2605 poesis,
1248 2526 1319 2580 ut
1355 2538 1537 2580 sacrae
1559 2563 1577 2599 ,
1608 2517 1948 2603 antiquiora
1988 2515 2354 2584 interierunt
2379 2518 2468 2608 8).
2494 2521 2676 2585 Sexto

647 2636 866 2701 saeculo
908 2634 1129 2699 claruit
1156 2628 1431 2712 Ennius,
1472 2630 1537 2692 in
1585 2629 1748 2693 vario
1795 2653 2021 2725 genere
2049 2644 2261 2716 poeta,
2309 2634 2482 2718 epico
2527 2635 2680 2697 Sei-

648 2747 845 2835 pionis
875 2744 1146 2808 Africani
1175 2766 1269 2805 res
1297 2753 1491 2828 gestas
1519 2752 1580 2805 et
1607 2740 1869 2817 historias
1907 2744 2205 2811 Romanae
2246 2748 2494 2809 annales
2530 2768 2682 2830 per-

649 2871 912 2925 secutus.
969 2852 1171 2940 Hujus
1221 2857 1618 2941 fragmenta3
1667 2876 1738 2919 ex
1783 2878 1969 2920 aurea
2030 2869 2238 2922 autem
2292 2870 2464 2923 aetate
2509 2859 2681 2923 solus

648 2986 946 3061 superstes
1002 2972 1317 3057 epicorum
1379 2971 1808 3035 Romanorum
1872 2971 2156 3058 princeps
2206 2975 2545 3062 Virgilius;
2611 2978 2684 3039 in

646 3088 895 3174 reliquis
927 3088 1238 3166 Lucanus,
1269 3081 1550 3150 Valerius
1579 3083 1869 3169 Flaccus,
1891 3085 2079 3149 Silius
2110 3087 2391 3173 Italicus,
2421 3086 2648 3153 Statius
2667 3149 2686 3185 ‚

647 3216 707 3270 et
734 3224 906 3267 aereae
935 3201 1126 3267 aetatis
1149 3198 1543 3264 Claudianus.

713 3367 764 3431 1)
789 3366 865 3414 Cf.
898 3362 1003 3413 Cic.
1049 3361 1118 3413 T.
1142 3362 1218 3411 D.
1242 3361 1301 3423 1,
1328 3360 1350 3407 1
1381 3363 1431 3408 et
1462 3360 1495 3410 2
1512 3396 1528 3422 ‚
1552 3360 1614 3409 de
1633 3359 1817 3410 Dicin.
1843 3361 1865 3411 1
1893 3397 1909 3425 ,
1933 3361 1997 3412 40
2015 3399 2030 3427 ,
2053 3362 2159 3412 Liv.
2181 3362 2277 3429 25,
2301 3364 2393 3426 12,
2415 3364 2538 3414 Hor.
2564 3366 2680 3432 Ep.

645 3459 709 3528 2,
734 3458 758 3506 1
777 3492 795 3522 ,
821 3456 905 3504 26.
931 3483 990 3492 —
1012 3454 1065 3518 2)
1087 3453 1317 3501 Grundr.
1341 3452 1393 3500 d.
1417 3452 1697 3515 Philoloqt'e
1714 3488 1730 3516 ‚
1755 3468 1807 3516 p.
1828 3452 1942 3501 414.
1971 3481 2030 3490 -
2055 3450 2107 3518 ὅ)
2131 3454 2193 3502 V.
2218 3455 2321 3503 Cio.
2348 3456 2416 3505 T.
2437 3457 2512 3505 D.
2539 3457 2563 3505 1
2583 3493 2599 3521 ‚
2625 3457 2682 3504 2·

650 3545 783 3607 ...4)
804 3547 880 3594 Cf.
899 3545 1005 3592 Cic.
1028 3543 1180 3592 Brut.
1204 3538 1283 3590 18.
1311 3570 1371 3579 -
1392 3541 1444 3605 5)
1479 3540 1554 3589 Cs.
1592 3542 1713 3590 Hor.
1749 3541 1860 3607 Ep.
1886 3542 1946 3606 2,
1972 3543 2035 3607 1,
2060 3542 2184 3592 Gell.
2211 3543 2300 3606 15,
2322 3540 2403 3592 24.
2425 3572 2488 3581 -
2509 3545 2572 3608 6)
2600 3542 2680 3593 ef.

652 3636 796 3684 Ovid.
824 3636 985 3685 Trist.
1007 3632 1068 3696 2,
1091 3629 1273 3680 497.—
1292 3630 1346 3694 7)
1370 3629 1445 3679 Cf.
1482 3631 1701 3679 Μαι-01).
1736 3632 1949 3681 Satura.
1967 3629 2000 3679 2
2019 3669 2033 3695 ‚
2057 3631 2118 3696 7,
2138 3632 2256 3680 Hor.
2279 3632 2395 3682 Sat.
2417 3632 2441 3681 1
2461 3670 2476 3694 ‚
2502 3630 2594 3695 10,
2616 3632 2680 3695 6,

653 3725 893 3787 Ge11.16‚
912 3723 965 3772 7.
991 3751 1053 3760 -
1077 3720 1144 3785 8)
1187 3721 1388 3785 Epicam
1433 3721 1639 3786 poesin,
1671 3721 1804 3771 unde
1835 3722 1961 3771 Livii
1992 3722 2053 3771 de
2087 3723 2257 3787 primis
2287 3722 2457 3771 Roma
2488 3722 2686 3771 saeculis

646 3819 843 3863 nmata
861 3812 1108 3878 pendeant
1125 3848 1141 3875 ,
1166 3811 1305 3859 finxit
1331 3810 1570 3859 Niebuhr.

741 3931 889 3993 410.
940 3929 1146 3993 Serius
1191 3928 1363 4013 epico
1410 3939 1473 3992 et
1534 3927 1868 3993 dramatico
1935 3928 2244 3993 excultum
2296 3926 2675 3993 didacticum

651 4065 845 4131 genus
862 4090 879 4125 ‚
907 4041 1086 4124 cujus
1108 4042 1433 4126 supersunt
1453 4042 1766 4106 Lucretius
1792 4040 1892 4129 (§.
1927 4037 2121 4126 417.)
2145 4089 2164 4124 ‚
2195 4040 2442 4127 Virgilii
2474 4040 2674 4106 Geor-
