3111 4829
1278 473 1620 517 numana
2386 475 2468 522 111·

531 595 766 679 Nempe
801 592 1186 679 antiquitates
1225 592 1535 658 Romanas
1588 594 1655 657 in
1698 595 2096 660 Universitate
2137 595 2458 660 Leodiensi

440 705 701 771 docendi
717 726 975 771 munere
1000 717 1290 791 suscepto,
1315 707 1625 793 frequenti
1646 704 1829 771 hodie
1855 718 1910 771 et
1941 707 2196 794 parabili
2220 730 2446 791 meree,

438 816 931 883 commodissimo
960 829 1217 883 ventosae
1251 817 1614 905 ignorantiae
1639 817 1949 902 subsidio,
1981 819 2410 884 fasciculorum
2434 868 2456 902 ‚

433 952 726 1017 quibusdam
742 954 1094 1004 benevolentia
1105 954 1298 1003 veniam
1317 953 1464 1003 heile
1475 970 1553 1002 me
1568 953 1946 1018 impetraturum
1958 966 2122 1019 spei-05
2142 954 2309 1002 sciunt
2318 954 2454 1003 enim

430 1043 488 1093 hi
503 1078 524 1108 ,
547 1060 640 1093 noc
661 1046 964 1110 peritissimis
985 1046 1186 1109 quidem
1218 1047 1362 1098 facile
1385 1062 1489 1095 esse
1512 1061 1542 1093 a
1567 1046 1758 1094 sincera
1781 1044 2025 1094 latinitate
2049 1060 2293 1108 nusquam
2314 1045 2456 1094 aber-

428 1150 542 1184 rare
565 1169 584 1199 ,
617 1140 670 1184 et
702 1136 755 1184 in
785 1137 1144 1186 recentioribus
1181 1153 1380 1201 quoque
1403 1136 1584 1200 linguis
1612 1151 1747 1184 raros
1763 1171 1781 1200 ,
1806 1135 1904 1184 imo
1927 1135 2005 1183 vix
2029 1136 2221 1198 aliquos
2244 1151 2347 1183 esse
2358 1170 2377 1199 ,
2397 1136 2456 1185 in.

428 1240 645 1289 quorum
688 1228 883 1292 scriptis
914 1227 1038 1275 nihil
1053 1262 1073 1290 ‚
1110 1227 1210 1276 sive
1229 1232 1286 1275 ut
1308 1226 1370 1275 ab
1390 1226 1571 1289 linguae
1593 1226 1790 1289 ingenio
1812 1262 1828 1288 ,
1864 1225 1964 1273 sive
1987 1230 2043 1273 ut
2063 1241 2091 1272 a
2115 1225 2456 1288 grammatices

426 1323 603 1364 norma
633 1317 849 1367 alienum
862 1355 878 1382 ‚
900 1317 1192 1383 reprehendi
1213 1318 1389 1366 merito
1411 1317 1583 1382 possit.
1606 1316 1701 1365 Sed
1722 1315 1857 1365 aliud
1875 1315 2028 1363 latine
2048 1352 2065 1379 ,
2100 1313 2235 1365 aliud
2253 1313 2454 1362 Cicero-

423 1405 573 1454 niane
592 1407 840 1459 scribere:
867 1425 1016 1473 quam
1053 1408 1251 1458 laudem
1286 1409 1355 1458 ita
1378 1408 1708 1471 adfectantes,
1739 1413 1831 1471 ut,
1857 1423 1960 1455 non
1996 1405 2318 1454 Ciceroniana
2357 1420 2452 1463 nec

423 1493 560 1543 bona
577 1532 593 1560 ,
626 1502 713 1547 aut
728 1497 852 1546 adeo
873 1513 967 1546 nec
991 1497 1147 1546 latina
1180 1513 1285 1546 esse
1318 1496 1654 1560 contendant,
1673 1512 1761 1544 nos
1780 1532 1797 1561 ‚
1818 1500 1875 1543 ut
1894 1495 2154 1543 lenissimo·
2167 1494 2319 1544 verbo
2340 1499 2453 1542 uta-

424 1599 569 1646 mur,
607 1584 851 1647 paradoxa
891 1585 1054 1648 potius
1087 1601 1236 1649 quam
1273 1601 1444 1634 verum
1477 1566 1695 1635 amantes
1726 1597 2041 1648 vocaremus3
2076 1582 2262 1648 quippe
2295 1598 2461 1646 quum

421 1671 734 1723 verissimum
771 1671 1050 1737 judicemus
1070 1710 1086 1739 ‚
1127 1681 1187 1724 ut
1224 1676 1376 1723 latine
1394 1712 1411 1739 ,
1452 1681 1509 1724 ut
1543 1676 1672 1725 bene
1693 1676 1846 1727 etiam
1871 1674 2117 1724 scribatur
2138 1710 2154 1737 ‚
2175 1690 2275 1722 non
2300 1673 2454 1737 magis

427 1776 591 1810 unum
616 1761 904 1811 Ciceronem
925 1799 940 1827 ‚
962 1779 1111 1826 quam
1131 1765 1307 1829 gallice
1328 1765 1661 1815 scribentibus
1684 1765 1979 1813 Voltairium
1997 1780 2099 1813 esse
2122 1762 2414 1812 imitandum
2434 1777 2451 1827 ς

419 1850 485 1899 de
507 1866 607 1913 quo
646 1850 766 1901 alibi
790 1853 935 1919 plura
972 1869 1060 1902 nos
1079 1891 1096 1919 ,
1133 1853 1220 1903 sed
1255 1854 1338 1903 hic
1382 1871 1483 1903 non
1517 1853 1786 1920 repetenda
1805 1889 1822 1918 ,
1862 1853 2090 1902 diximus.
2127 1852 2459 1902 ciceroniana.

416 1943 614 1989 tautum
625 1940 853 2005 probanti
873 1941 1023 1993 fuerit
1039 1944 1225 1993 sanein
1243 1944 1400 1993 hocce
1417 1944 1569 2007 libro,
1590 1943 1677 1991 ubi
1691 1944 1768 1992 vel
1790 1942 2017 1992 habitum
2028 1942 2175 1991 modo
2194 1942 2454 2003 orationis,

420 2028 502 2077 vel
522 2029 843 2094 locutionem,
860 2033 1188 2083 verborumve
1208 2034 1329 2083 adeo
1354 2050 1498 2097 usum
1522 2032 1739 2082 damnet.
1759 2032 1876 2095 Nos,
1896 2032 2031 2095 quod
2050 2031 2113 2080 ad
2122 2032 2227 2081 hato
2245 2067 2263 2095 ‚
2288 2046 2460 2095 pauca

420 2117 642 2182 priorum
665 2119 937 2170 editionum
955 2158 973 2186 ,
996 2127 1055 2170 ut
1073 2122 1213 2170 bonae
1233 2120 1382 2170 aetatis
1398 2122 1722 2186 scriptoribus
1740 2122 1972 2170 inusitata
1994 2157 2012 2184 ‚
2035 2121 2319 2169 sustulimus
2343 2156 2360 2185 ,
2396 2119 2452 2166 in

417 2208 602 2273 quibus
622 2218 870 2276 praestnre
894 2212 1156 2261 tenebatur
1185 2211 1320 2275 (pag.
1339 2208 1424 2258 30¹
1441 2212 1477 2267 ι)
1499 2247 1517 2272 ,
1537 2217 1589 2258 et
1606 2227 1728 2273 saepe
1749 2227 2014 2259 occurrens
2033 2209 2256 2272 adeoque
2275 2245 2292 2273 ‚
2315 2208 2450 2270 quod

414 2314 511 2363 pro
532 2306 683 2364 atque
714 2302 838 2349 adeo
858 2337 873 2364 ‚
902 2301 959 2350 id
991 2306 1066 2349 est
1086 2303 1284 2364 ἐρίων,
1315 2299 1714 2347 doctissimorum
1750 2298 1952 2361 quidem
1991 2298 2121 2345 inter
2154 2297 2453 2346 recentiores

411 2387 640 2451 exemplo
652 2423 669 2448 .,
691 2387 778 2435 sed
794 2423 812 2450 ‚
832 2392 1075 2450 quantum
1098 2387 1371 2451 reperimus
1385 2424 1403 2451 ‚
1426 2391 1562 2436 recte
1581 2390 1813 2434 monente
1835 2386 2043 2436 Krebsio
2065 2385 2148 2449 (in
2166 2386 2454 2449 Anleilunq

414 2491 543 2525 zum
568 2474 1010 2524 Laeeimclareiben
1028 2510 1047 2540 ,
1075 2491 1191 2542 pag.
1210 2471 1305 2524 583
1326 2476 1368 2541 )‚
1397 2476 1523 2525 male
1561 2481 1869 2541 usurpatum.
1890 2475 2071 2524 Contra
2112 2477 2208 2524 alia
2227 2512 2244 2538 ‚
2268 2481 2317 2524 et
2339 2475 2448 2524 haeo

430 2578 637 2627 quoque
653 2561 950 2628 paucissima
967 2600 984 2629 ,
1020 2564 1150 2613 iuter
1173 2580 1282 2628 quae
1323 2581 1413 2614 nec
1452 2581 1559 2614 non
1584 2564 1670 2628 (v.
1696 2562 1918 2632 §.1484
1951 2570 2002 2616 et
2036 2568 2297 2631 sequentia
2335 2567 2443 2625 (cf.

416 2669 532 2718 pag.
554 2651 627 2700 11.
652 2657 703 2701 ct
728 2649 773 2720 §.
798 2650 937 2718 463.)
960 2690 976 2717 ,
1000 2652 1053 2701 in
1069 2669 1127 2702 ea
1150 2654 1382 2703 orationis
1395 2655 1636 2719 junctura
1672 2655 1970 2705 servavimus
1992 2692 2008 2718 ,
2042 2655 2134 2706 ubi*
2165 2655 2316 2706 latina
2339 2672 2440 2705 non

415 2758 544 2805 esse,
555 2742 656 2791 sive
670 2743 878 2793 Krebsio
893 2745 995 2794 sive
1014 2745 1240 2809 Zumptio
1261 2744 1345 2793 alii
1367 2745 1592 2811 credant5
1617 2745 1738 2792 mihi
1757 2750 1923 2795 autem
1946 2751 1995 2794 et
2017 2746 2168 2794 latina
2187 2751 2238 2794 et
2256 2747 2442 2811 optima

418 2845 554 2891 esse,
571 2830 719 2879 facile
739 2832 866 2882 soret
887 2833 1263 2897 demonstrare3
1295 2833 1441 2882 modo
1472 2851 1536 2882 ne
1559 2870 1574 2897 ,
1608 2851 1686 2883 res
1709 2835 1938 2898 diversae,
1975 2836 2352 2886 Ciceronianum
2388 2843 2442 2888 et

417 2916 627 2966 latinum
662 2922 1046 2971 confunduntur.
1068 2922 1168 2971 Nec
1185 2938 1300 2971 vero
1322 2938 1439 2972 cum
1460 2923 1558 2971 illis
1581 2924 1697 2971 viris
1720 2925 1908 2973 clariss.
1934 2915 2209 2974 'barbaram
2232 2925 2442 2976 dixerim

418 3021 591 3055 vocem
605 3008 753 3074 sor-te,
777 3027 866 3076 pro
881 3011 1118 3077 sortasse,
1137 3012 1259 3075 quin
1283 3013 1534 3076 particulae
1552 3013 1776 3077 quaedam
1793 3013 2100 3079 praecedant,
2118 3020 2402 3079 usurpatam
2424 3034 2438 3062 ;
2535 3028 2543 3032 “

414 3114 567 3162 quam
586 3100 704 3152 licet
724 3118 840 3152 cum
860 3105 1054 3168 poetica
1074 3140 1090 3165 ‚
1115 3108 1221 3153 tum
1243 3119 1387 3168 prosa
1410 3104 1559 3153 etiam
1582 3120 1747 3153 aureae
1769 3105 1919 3154 :etatis
1936 3107 2095 3154 oratio
2111 3106 2302 3169 aliquot
2322 3105 2445 3156 locis

414 3187 649 3238 defendat
666 3226 683 3252 ,
704 3195 870 3240 tamen
909 3207 1017 3242 earn
1050 3192 1330 3257 rejecimus.
1369 3193 1671 3259 Displicebat
1691 3199 1744 3243 et
1773 3202 1835 3244 ut
1848 3212 1952 3260 par
1975 3194 1994 3261 (
2019 3212 2068 3245 v.
2089 3193 2294 3263 3.·114.)
2316 3232 2333 3255 .‚
2351 3212 2444 3260 pro

414 3281 479 3322 ut
496 3282 893 3326 consentaneum
903 3312 923 3342 ,
942 3286 1001 3327 ut
1034 3295 1112 3327 res
1140 3278 1245 3340 fert
1257 3312 1276 3342 ‚
1304 3280 1522 3341 suadet,
1543 3280 1721 3343 saepius
1742 3295 2006 3329 recurrens
2026 3315 2041 3343 ‚
2062 3285 2113 3329 et
2137 3317 2154 3344 ,
2171 3280 2306 3344 quod
2328 3298 2442 3331 sero

409 3362 535 3426 vidi,
556 3379 663 3412 non
679 3364 866 3429 ubique
880 3367 1214 3416 emendatum.
1234 3367 1457 3429 Denique
1474 3368 1625 3416 verba
1650 3376 1695 3416 ee
1714 3370 1928 3434 cratera(
1953 3376 2052 3419 etc.
2070 3377 2113 3435 ),
2138 3375 2195 3420 ut
2214 3376 2438 3421 veterum

412 3453 708 3517 scriptorum
726 3490 743 3519 ,
763 3470 911 3517 quam
938 3456 1071 3505 haud
1095 3456 1378 3519 ignorabam
1400 3493 1416 3517 ‚
1443 3457 1789 3505 consuetudini
1813 3474 1914 3506 non
1935 3459 2080 3523 plane
2109 3445 2456 3525 congruenter*

413 3541 612 3608 addita,
635 3545 749 3609 jure
783 3545 934 3609 possis
967 3546 1279 3611 impugnare.
1313 3544 1411 3592 Sed
1445 3545 1577 3593 enim
1614 3562 1776 3610 neque
1807 3548 1913 3595 sani
1951 3548 2173 3595 homines
2215 3547 2335 3610 hie,
2376 3566 2440 3599 ne

404 3635 542 3700 justo
560 3634 813 3698 rigidiores
841 3638 959 3699 sint,
988 3635 1196 3701 rogandi
1216 3671 1232 3698 ‚
1257 3641 1307 3683 et
1328 3671 1344 3698 ‚
1386 3652 1511 3699 quos
1532 3637 1708 3701 putida.
1726 3636 1978 3686 delectant
1994 3674 2010 3701 ,
2041 3636 2217 3685 multis.
2237 3639 2399 3698 verbis
2418 3677 2439 3708 ,

413 3739 478 3772 ne
497 3723 694 3773 ridiculi
714 3741 818 3775 esse
838 3728 1011 3777 malint
1031 3765 1047 3792 ,
1083 3726 1265 3775 frustra
1286 3724 1623 3773 admonueris.

476 3813 541 3862 Ut
558 3818 722 3863 autem
742 3814 891 3865 latine
914 3855 930 3882 ‚
952 3818 1024 3866 sic
1046 3817 1175 3864 bene
1191 3814 1339 3864 ctiam
1360 3813 1548 3876 ubique
1564 3851 1580 3879 ‚
1598 3820 1649 3863 et
1667 3851 1683 3879 ‚
1704 3816 1791 3863 ubi
1809 3831 1886 3864 res
1904 3816 2131 3865 suaderet
2151 3852 2167 3880 ,
2184 3817 2435 3881 eleganter

409 3916 611 3964 quoque
632 3907 683 3952 et
703 3904 911 3954 suaviter
930 3907 1010 3955 vel
1034 3903 1384 3969 compendium
1406 3902 1625 3953 scribere
1667 3904 1820 3952 nostri
1843 3903 1993 3952 officii
2015 3904 2239 3954 duximus
2260 3924 2270 3953 z
2297 3913 2430 3972 quod

406 3991 721 4042 interdumne
738 4031 756 4056 ‚
777 4009 839 4043 an
855 4011 1100 4061 nusquam
1140 3994 1404 4043 fecerimus
1427 4025 1444 4056 ,
1467 3992 1678 4043 aliorum
1715 3998 1800 4048 est
1819 3994 2063 4059 judicare.
2085 3995 2325 4046 Coeterum
2346 4036 2362 4061 ‚
2391 4004 2437 4050 si

408 4078 579 4128 velita
601 4081 721 4131 mihi
750 4084 847 4133 hoc
866 4124 882 4148 ,
901 4091 959 4134 ut
993 4085 1180 4135 nemini
1215 4086 1366 4148 magis
1385 4124 1401 4149 ,
1425 4085 1707 4147 contigisset
1730 4120 1747 4148 7
1766 4101 1863 4133 non
1900 4085 2008 4134 ideo
2047 4086 2179 4133 inter
2210 4102 2317 4149 eos,
2350 4100 2443 4153 qui

410 4169 533 4220 talia
550 4178 725 4223 curent
748 4210 764 4241 ,
800 4175 1045 4229 defuerint
1068 4212 1085 4244 2
1111 4175 1199 4241 qui
1220 4192 1300 4228 mc
1319 4213 1333 4242 ‚
1372 4176 1412 4228 si
1448 4177 1610 4226 minus
1633 4212 1649 4242 ,
1693 4161 1808 4238 quia
1853 4176 1978 4226 male
2003 4212 2018 4240 7
2053 4179 2120 4238 at,
2139 4175 2258 4238 quia
2273 4176 2427 4228 latine

2446 4302 2478 4328 O
