3111 4829
1524 397 1776 482 (¹20)

667 523 867 591 talium,
883 523 1030 574 scisse
1050 524 1272 575 existimo
1294 560 1311 589 ‚
1334 541 1447 589 quas
1468 529 1533 577 sit
1552 530 1659 592 agri
1692 523 1882 594 publici
1919 528 2045 578 ratio
2065 565 2081 592 ,
2122 533 2182 583 et,
2193 527 2402 578 voluisse
2430 542 2460 575 a
2492 529 2680 579 lector·

668 615 890 680 intelligi.
913 616 992 664 Sic
1014 616 1261 681 reputanti
1284 615 1345 665 de
1364 632 1482 681 agro
1504 619 1705 668 omnino
1726 619 1864 682 loqui
1903 617 2099 669 videtdr
2118 655 2136 684 ‚
2159 634 2320 681 eoque
2363 618 2523 666 minus
2546 618 2681 684 justa
2733 640 2746 651 s

665 719 812 755 eausa
847 698 1044 755 subesse
1062 745 1078 770 ι
1116 720 1208 755 cur
1243 705 1382 755 locus
1404 708 1616 773 Appiani
1650 707 1713 756 ad
1735 708 1991 756 Niebuhrii
2033 709 2326 759 sententiam
2369 708 2682 758 emendando

665 795 1004 845 conformetur
1029 795 1114 860 (v.
1139 795 1311 844 Creuz.
1331 793 1508 863 §.154
1531 797 1549 861 )
1591 798 1708 860 Quas
1731 797 1771 846 si
1786 813 1929 862 vera,
1966 798 2195 861 equidem
2216 813 2317 847 non
2355 797 2499 846 video
2520 835 2536 861 ,
2556 813 2683 861 quo-

662 886 810 936 modo
831 900 1069 950 pauperes
1089 884 1175 933 diu
1190 888 1347 934 tutata
1372 892 1499 934 esset
1512 887 1591 936 lex
1607 888 1914 952 Sempronia.
1940 887 2068 950 Quid
2086 889 2220 937 enim
2243 887 2434 937 miseris
2466 889 2573 951 agri
2593 904 2686 953 pu-

660 975 782 1025 blici
802 990 890 1040 per
913 973 1106 1023 Italiam
1137 974 1478 1037 relinquetur,
1513 976 1553 1024 si
1577 976 1812 1025 divitibus
1835 977 2219 1040 quibuscunque
2240 993 2300 1026 ex
2322 993 2382 1026 eo
2408 978 2682 1040 quingenta

653 1066 856 1129 jugera,
898 1063 951 1111 in
977 1062 1293 1126 singulosque
1335 1062 1463 1112 filios
1497 1066 1705 1114 familias
1751 1067 1951 1130 insuper
1972 1065 2184 1114 ducenta
2229 1071 2280 1114 et
2324 1066 2685 1131 quinquaginta

566 1144 573 1159 ⁰
659 1147 1153 1219 possiderelicuerit?
1173 1181 1237 1194 —
1256 1151 1309 1214 6)
1334 1153 1397 1201 V.
1419 1152 1598 1221 Polyb.
1625 1156 1657 1205 2
1677 1192 1692 1220 ,
1722 1156 1779 1205 21
1805 1190 1824 1220 ,
1848 1154 1952 1204 Cic.
1977 1157 2037 1204 de
2054 1155 2205 1220 Leqq.
2230 1153 2264 1203 5
2281 1191 2297 1218 ‚
2322 1154 2353 1203 ⁰
2386 1161 2437 1204 et
2469 1155 2552 1205 ΞΟ.

754 1321 901 1384 135.
951 1317 1489 1401 Quemadmodum
1520 1317 1821 1382 Patricius
1849 1339 1885 1380 a
1915 1315 2189 1401 patribus
2218 1316 2340 1379 sive
2365 1317 2681 1380 senatori-

660 1432 809 1516 bus,
841 1453 992 1519 quos
1018 1434 1323 1498 Romulus
1365 1432 1627 1514 creavit,
1674 1430 1757 1495 ita
1797 1429 2106 1516 Equestris
2148 1427 2398 1491 Ordinis
2435 1429 2608 1515 origo
2646 1450 2681 1495 a

657 1546 854 1610 trihus
898 1546 1178 1633 equitum
1222 1546 1554 1628 centuriis,
1599 1543 2096 1609 Rhamnensium
2148 1542 2263 1630 1),
2305 1543 2684 1608 Tatiensium

655 1679 712 1721 v.
745 1657 1144 1741 Titiensium,
1173 1669 1234 1722 et
1269 1659 1577 1722 Lucerum
1597 1706 1616 1741 ,
1662 1654 2023 1739 deducitur,
2048 1678 2200 1742 quas
2233 1654 2401 1720 idem
2440 1658 2583 1722 Rex
2605 1656 2686 1722 ad

656 1770 924 1855 corporis
963 1768 1301 1834 custodiam
1343 1769 1436 1854 (§.
1486 1765 1682 1855 364.)
1729 1768 2019 1834 Celerum
2062 1768 2316 1833 nomine
2358 1769 2688 1835 instituisse

655 1880 954 1965 traditur,
1004 1882 1129 1947 sive
1178 1905 1216 1946 a
1263 1882 1475 1948 Celere
1498 1930 1518 1964 ,
1546 1880 1843 1946 Tribuno
1869 1929 1888 1965 ,
1935 1880 2060 1944 sive
2107 1892 2401 1967 tanquam
2453 1882 2687 1946 veloces

654 1994 982 2081 adpellatas
1015 1990 1112 2082 2).
1152 1996 1276 2059 Hos
1308 1994 1544 2080 equites
1568 2016 1604 2057 e
1624 1994 1998 2080 primoribus
2018 1994 2255 2059 civibus
2274 2043 2294 2079 ,
2323 2005 2507 2080 atque
2533 1994 2685 2060 adeo

655 2129 690 2172 e
714 2107 982 2193 patriciis
1006 2110 1192 2174 lectos
1217 2129 1345 2173 esse
1366 2157 1385 2192 ,
1417 2119 1661 2173 certum
1697 2106 1952 2194 quidem
1975 2129 2101 2171 non
2128 2118 2254 2189 est,
2292 2105 2396 2171 sed
2416 2108 2513 2172 vel
2540 2106 2677 2172 ideo

652 2222 903 2307 propius
940 2244 1117 2308 vero,
1147 2223 1443 2309 quoniam
1478 2223 1603 2286 suis
1630 2221 1804 2308 equis
1827 2221 2116 2287 militasse
2148 2219 2455 2286 videntur.
2489 2220 2680 2289 Cele-

653 2358 795 2401 rum
816 2335 1050 2401 cohorti
1067 2385 1085 2421 ,
1115 2359 1314 2425 quum
1335 2336 1596 2425 singulae
1610 2336 1905 2402 centuria}
1926 2335 2005 2401 ad
2032 2347 2331 2401 trecentos
2352 2334 2420 2425 3)
2445 2335 2682 2424 equites

652 2450 978 2513 crevissent
1006 2497 1025 2532 ,
1084 2450 1456 2537 Tarquinius
1496 2450 1566 2514 P.
1619 2447 1873 2514 totidem
1926 2447 2003 2514 de
2055 2449 2269 2535 plebe,
2320 2461 2391 2514 ut
2442 2472 2683 2536 prorsus

644 2561 1066 2627 existimamus
1089 2610 1107 2645 ,
1155 2562 1340 2627 lectas
1360 2610 1381 2644 ,
1436 2561 1681 2626 servatis
1738 2572 1943 2624 tamen
2014 2561 2223 2649 priscis
2283 2562 2639 2627 nominibus
2664 2611 2681 2643 ‚

647 2668 883 2735 addidit
907 2667 995 2757 4).
1027 2669 1184 2735 Exin
1204 2671 1445 2757 equites
1467 2670 1641 2734 mille
1669 2669 2043 2755 octingenti,
2075 2681 2136 2734 et
2154 2668 2647 2735 Rhamnensium
2666 2722 2684 2756 ,

645 2784 1026 2848 Tatiensium
1054 2795 1116 2848 et
1141 2784 1451 2849 Lucerum
1473 2783 1541 2846 in
1566 2782 1794 2868 primos
1823 2793 1885 2846 et
1912 2782 2210 2847 secundos
2234 2781 2469 2848 divisio.
2492 2785 2684 2848 Senas

644 2896 826 2962 hasce
845 2896 1151 2961 centurias
1186 2894 1265 2984 5)
1296 2895 1541 2961 Servius
1563 2944 1582 2980 ,
1611 2895 1909 2960 exercitus
1938 2895 2202 2961 formam
2241 2907 2521 2980 mutans,
2553 2919 2680 2964 una

643 3034 791 3077 cum
826 3011 961 3076 aliis
1008 3009 1333 3076 duodecim
1376 3009 1593 3096 primae
1622 3008 1854 3073 civium
1875 3009 2092 3091 classi,
2126 3008 2265 3074 dato
2300 3010 2485 3074 ctiam
2520 3031 2682 3098 equo

643 3125 892 3212 publico
920 3174 939 3210 ,
986 3123 1156 3189 unde
1204 3146 1362 3213 equo
1403 3122 1668 3209 publico
1719 3144 2013 3197 merere,
2058 3121 2285 3207 adjecit
2324 3120 2424 3209 6).
2467 3122 2683 3209 Neque

644 3239 854 3302 minus
896 3250 1029 3325 post
1082 3241 1285 3324 Reges
1326 3248 1563 3301 exactos
1602 3258 1637 3300 e
1680 3235 2016 3322 priscorum
2063 3237 2346 3324 equitum
2389 3236 2684 3323 progenie
2741 3279 2750 3288 -

642 3353 984 3439 equitatus,
1023 3361 1084 3416 et
1125 3373 1263 3437 quae
1308 3349 1608 3436 posterius
1646 3350 1997 3436 legionibus
2026 3349 2248 3415 additae
2269 3349 2550 3435 equitum
2572 3370 2685 3412 co-

641 3465 874 3551 hortes,
893 3467 1065 3531 lectae
1085 3465 1491 3529 inveniuntur
1507 3512 1525 3547 ,
1548 3466 1830 3550 quamvis
1851 3476 1985 3529 tum
2007 3485 2255 3551 quoque
2277 3472 2512 3528 mutata
2532 3483 2682 3527 cum

644 3580 898 3644 omnino
922 3578 1159 3643 militiae
1176 3627 1193 3660 ,
1226 3589 1362 3641 tum
1385 3578 1686 3643 exercitus
1704 3577 2033 3643 ordinandi
2056 3579 2287 3644 ratione
2309 3573 2408 3663 7).

711 3740 774 3804 1)
810 3742 1109 3789 Ramnenses
1150 3738 1299 3805 (rh.)
1323 3740 1590 3828 ‚Rhamnes
1613 3754 1816 3803 quoque
1851 3739 2000 3800 dicti,
2034 3737 2164 3786 utin
2185 3735 2333 3801 Prop.
2367 3733 2401 3785 4
2419 3771 2434 3799 ,
2479 3736 2502 3784 1
2526 3772 2542 3799 ,
2560 3736 2643 3787 ’51
2668 3774 2685 3800 ,

644 3833 766 3879 binc
791 3831 991 3880 Titiam
1018 3830 1342 3894 Ramnesque
1381 3832 1512 3894 viri,
1534 3828 1851 3892 Luceresque
1883 3828 2067 3876 coloni.
2090 3825 2165 3873 Cf.
2189 3825 2308 3873 Hor.
2327 3859 2346 3889 ,
2378 3826 2446 3874 A.
2472 3824 2539 3874 P.
2558 3825 2650 3876 541
2672 3865 2687 3889 ,

646 3920 768 3967 celsi
795 3927 1108 3980 praemunt
1142 3928 1350 3970 austera
1380 3927 1615 3983 poemata
1649 3918 1907 3980 Ramnes,
1949 3915 2037 3964 ubi
2072 3915 2297 3965 Ramnes
2336 3914 2398 3964 de
2436 3914 2688 3980 equitibus

648 4008 1044 4072 universa—2)
1069 4010 1131 4058 V.
1149 4011 1282 4058 Fest.
1308 4009 1359 4057 in
1385 4010 1606 4072 Celeres,
1632 4010 1764 4057 Plut.
1785 4010 1837 4056 in
1861 4006 2041 4068 Rom„
2070 4005 2212 4055 Ovid.
2239 4006 2384 4056 Fase.
2408 4007 2471 4068 4,
2491 4006 2606 4055 837.
2622 4034 2682 4042 —

647 4099 717 4166 ὅ)
738 4100 816 4149 An
850 4095 1124 4149 ducentos?
1159 4100 1237 4149 Cf.
1270 4099 1377 4148 Cic.
1401 4100 1464 4147 de
1484 4098 1614 4161 Rop.
1643 4098 1708 4161 2,
1739 4097 1823 4145 20.
1845 4123 1903 4133 --
1923 4093 1985 4158 4)
2010 4094 2071 4141 V.
2093 4094 2281 4160 Liv.1,
2305 4095 2387 4145 56.
2409 4122 2467 4134 -—
2491 4095 2553 4161 5)
2573 4096 2646 4143 Ni«
2663 4124 2684 4133 -
