3111 4829
1237 430 1579 478 rumano.
2344 441 2408 484 ¹1

398 570 615 613 narum
638 550 1015 636 cognitionis
1038 548 1376 615 commoda.
1402 550 1582 615 Nunc
1610 550 1992 636 brevissime,
2020 572 2302 641 quasnam
2337 557 2402 620 in

397 660 513 726 hoc
543 675 913 749 argumento
958 661 1270 729 tractando
1307 663 1459 729 ratio
1501 664 1801 749 placuerit
1821 713 1840 749 ,
1868 667 2278 733 ostendamus.
2315 670 2408 733 Ac

398 777 669 841 materiae
689 777 940 863 quidem
961 775 1325 863 compendio
1347 788 1550 843 nostro
1569 776 1957 843 includendae
1985 779 2208 845 limites
2227 802 2409 866 supra

401 889 731 974 posuimus,
757 889 1058 957 Ordinem
1081 902 1287 958 autem
1313 891 1740 978 primariarum
1764 869 2200 978 partium-alios
2215 894 2407 958 alium

401 1012 632 1067 secutos
668 1006 998 1071 cernimus.
1044 1006 1225 1090 Fuit,
1269 1006 1378 1092 qui
1434 1004 1513 1069 ab
1567 1004 1905 1092 religione,
1950 1006 2062 1092 qui
2108 1006 2188 1071 ab
2229 1006 2411 1071 Urbis

400 1112 802 1203 descriptione
827 1169 844 1202 ,
882 1121 991 1207 qui
1023 1120 1103 1186 ab
1145 1120 1362 1185 incolis
1403 1119 1655 1204 Imperii
1705 1119 2032 1206 inciperet;
2063 1130 2123 1183 et
2152 1142 2260 1206 par
2284 1132 2415 1184 erat

399 1226 485 1293 ita
510 1229 785 1297 accidere
816 1234 882 1297 in
925 1235 1096 1298 nullo
1127 1232 1505 1321 systematico
1532 1281 1552 1315 ‚
1575 1243 1644 1297 ut
1672 1230 1790 1298 boc
1812 1243 1981 1316 utar,
2006 1253 2170 1297 nexu
2192 1231 2416 1297 oohae-

399 1342 693 1409 rentibus.
727 1346 943 1433 Neque
980 1360 1184 1415 tamen
1216 1347 1334 1413 boc
1358 1347 1669 1430 volumus,
1698 1346 1855 1412 nihil
1881 1369 2124 1434 prorsus
2145 1348 2372 1413 referre
2391 1394 2411 1431 ,

402 1474 523 1538 qua
553 1458 707 1522 serie
728 1470 925 1544 partes
939 1460 1320 1548 jungantur3
1347 1473 1448 1543 at,
1482 1482 1603 1548 qua
1633 1461 2011 1547 potissimum
2028 1459 2368 1548 jungendoe
2392 1506 2411 1542 ‚

400 1566 511 1632 diu
540 1569 813 1636 incertus
846 1571 1076 1639 haereas
1112 1573 1231 1665 (⁴²).
1262 1576 1383 1641 Nos
1406 1586 1612 1642 autem
1632 1623 1650 1660 ‚
1692 1575 1903 1661 paucis
1929 1575 2179 1641 mutatis
2202 1621 2221 1657 ‚
2241 1573 2414 1640 ordi·

401 1701 549 1745 nem
570 1731 587 1766 ,
631 1704 820 1769 quem
848 1685 914 1749 iu
944 1686 1229 1752 Schaaffii
1258 1690 1541 1774 encyclio
1584 1689 1661 1753 do
1687 1689 1977 1754 classica
2017 1692 2415 1777 antiquitate

401 1816 585 1880 opere
605 1796 632 1887 (
644 1797 1140 1888 Encyelopoedie
1171 1803 1291 1868 dor
1317 1803 1719 1869 elaeeiecltm
1748 1800 2411 1889 Alterthumeltunde)

401 1910 749 1977 invenimus
773 1962 790 1995 ,
831 1917 1024 1981 secuti
1062 1939 1318 2000 sumus,
1360 1939 1486 1982 non
1526 1928 1652 1982 tam
1694 1916 2003 2003 praeeipue
2053 1914 2412 2000 probantes,

402 2036 589 2108 quam
612 2028 799 2091 semel
818 2039 1095 2114 optatum
1116 2041 1440 2096 servantes.

497 2135 750 2204 Gravior
781 2143 1036 2228 quaestio
1072 2142 1312 2208 videtur
1331 2189 1350 2226 ,
1377 2164 1461 2208 an
1486 2164 1697 2207 rerum
1715 2189 1733 2225 ,
1764 2153 1984 2209 natura
2009 2142 2376 2206 variantium
2396 2189 2415 2224 ,

405 2252 705 2317 enarratio
766 2265 1114 2338 temporum
1170 2252 1435 2340 periodis
1485 2276 1522 2317 e
1588 2253 1910 2337 praeoipuis
1975 2251 2419 2317 mutationibus

403 2360 860 2449 distinguenda.
906 2365 1114 2449 Quam
1155 2365 1608 2431 distinctionem
1647 2364 1727 2431 ab
1762 2361 2011 2430 historia
2052 2365 2420 2451 populorum

404 2456 484 2538 ad
497 2474 726 2540 litteras
741 2524 758 2559 ‚
770 2474 1121 2564 disciplinas
1136 2489 1418 2566 artesque
1439 2479 1788 2544 translatam
1803 2526 1821 2562 ‚
1833 2478 1898 2542 in
1924 2476 2422 2565 jurisprudentiae

404 2589 633 2676 pariter
655 2589 903 2657 historia
923 2603 984 2656 et
1000 2593 1139 2674 alii,
1162 2604 1222 2657 et
1243 2592 1558 2657 subtiliore
1578 2613 1787 2657 rerum
1803 2588 2156 2657 discrimine
2178 2605 2422 2659 secutus

409 2717 499 2770 est
537 2705 602 2770 in
631 2703 749 2770 hac
784 2705 1123 2770 litterarum
1170 2716 1377 2792 parte,
1410 2707 1568 2770 sicut
1604 2706 1856 2772 omnino
1898 2707 2058 2770 inter
2076 2691 2236 2790 juris
2256 2729 2422 2792 pru-

413 2817 658 2902 dentes,
678 2818 1002 2905 insigniter
1045 2819 1385 2885 celebratus
1413 2821 1619 2905 Hugo.
1650 2818 1770 2883 Nos
1809 2816 2070 2884 eandem
2108 2819 2173 2882 in
2202 2818 2424 2886 idonea

416 2933 668 3018 quidem
694 2932 948 2998 materie
982 2935 1355 3020 magnopere
1381 2980 1399 3015 ,
1431 2932 1499 2996 in
1533 2931 2000 3019 antiquitatibus
2027 2941 2232 2998 autem
2252 2943 2428 2997 trao—

419 3044 618 3109 taudis
668 3068 1057 3133 nequaqnam
1117 3046 1533 3133 probaremus.
1587 3045 1801 3131 Neque
1848 3065 1990 3109 vcero
2041 3042 2179 3109 ideo
2219 3045 2431 3109 minus

421 3159 728 3240 cavimus,
780 3179 896 3242 ne,
939 3159 1227 3245 temporis
1260 3158 1540 3246 neglecta
1584 3158 1858 3239 ratione,
1899 3157 2098 3241 prima
2148 3154 2432 3220 extremis

422 3271 745 3338 miscentes
768 3321 784 3354 ‚
814 3294 950 3336 eam
979 3271 1226 3357 culpam
1245 3271 1711 3337 admitteremus
1731 3319 1748 3354 ,
1770 3289 1958 3355 quam
1982 3268 2051 3333 in
2070 3266 2430 3354 antiquariis

423 3385 726 3473 plerisque
795 3385 997 3472 lepide
1048 3384 1439 3470 reprehendit
1482 3385 1794 3449 Meierotto
1851 3383 1918 3447 in
1963 3382 2314 3467 praefatione
2353 3380 2430 3445 ad

429 3500 653 3562 librum
682 3547 699 3581 ,
739 3521 927 3585 quem
969 3498 1272 3582 inscripsit
1304 3496 1382 3561 de
1422 3498 1711 3561 moribus
1736 3508 1798 3561 et
1816 3498 1956 3560 vita
1984 3494 2432 3560 Romanorum

429 3612 631 3702 (iiber
658 3609 871 3678 Simu
907 3611 1435 3703 und-Lebensart
1465 3609 1584 3674 der
1612 3607 1920 3696 Roemer)
1957 3610 2171 3673 variis
2199 3608 2436 3693 reipu-

430 3726 617 3793 blicoe
645 3711 1051 3816 temporibus.

519 3843 595 3906 In
629 3843 888 3930 singulis
914 3854 1122 3908 autem
1147 3842 1327 3908 rebus
1346 3837 1718 3924 exponendis
1739 3834 2074 3902 absurdum
2099 3854 2246 3899 sane
2267 3853 2445 3897 eom-

500 4008 568 4073 (’)
603 4008 980 4074 Dispositionem
1017 4012 1320 4075 quanticum,
1350 4010 1408 4055 ut
1440 4003 1545 4069 ipto
1581 3997 1633 4068 §-
1657 3998 1738 4049 12·
1758 4001 1932 4064 '⁰⁰⁸²ae
1967 4002 2165 4051 'ecum‘
2195 3996 2443 4060 effluat)

436 4098 577 4162 cnjus
605 4099 844 4148 rationem
867 4099 1161 4151 lectionibus
1180 4100 1280 4150 suis
1307 4092 1646 4163 exponendam
1669 4090 1891 4155 reliquit.
