3111 4829
1316 412 1565 498 (417)

425 558 581 615 rant.
627 546 1303 635 Ejusdem'argumenti
1340 547 1591 612 Firmici
1634 546 1892 612 Materni
1929 546 2030 637 (§.
2062 544 2258 635 416.)
2284 545 2447 612 libri

423 660 810 727 Mathe-uos.
835 664 886 725 E
904 663 1093 747 poetis
1130 661 1233 725 hic
1259 659 1673 726 nominandus
1698 661 2002 726 Manilius,
2050 662 2219 725 Inter
2255 682 2441 746 supe-

428 776 623 840 rantia
639 777 1064 841 Romanorum
1097 774 1498 860 geographica
1528 776 1745 860 scripta
1765 776 2235 840 vetustissimum
2263 777 2453 841 Pom-

430 889 597 972 ponii
640 889 849 971 Melan,
899 889 1104 952 saeculi
1136 889 1354 973 primi,
1401 888 1478 952 de
1523 886 1674 953 Sicu
1716 888 1932 954 Orbis.
1984 889 2207 954 Saeculi
2247 889 2449 975 quarti
2513 935 2514 938 η

430 1002 802 1066 existimatur
851 1001 1021 1070 Vibii
1069 1002 1407 1088 sequestris
1458 1001 1534 1067 de
1576 1001 2037 1077 Fluminibus,
2088 1002 2406 1067 Fontibus
2425 1005 2476 1077 ,*

427 1115 737 1178 Lacubus
755 1160 780 1189 ,
827 1125 942 1179 etc.
992 1138 1266 1203 quorum
1306 1115 1491 1201 apud
1524 1127 1752 1201 poetae
1791 1120 2030 1179 montio
2055 1119 2171 1202 fit,
2213 1117 2456 1180 notitia.

374 1203 385 1213 ’
428 1229 479 1292 Ε
510 1229 898 1313 scriptoribus
929 1229 1076 1292 alibi
1114 1229 1463 1293 memoratis
1490 1227 1615 1292 huc
1648 1228 1956 1293 referendi
1992 1230 2228 1293 Plinius
2259 1229 2455 1312 major

431 1353 492 1406 et
527 1342 791 1405 Solinus.
834 1342 1139 1405 Caeterum'
1182 1341 1282 1406 hic
1326 1340 1673 1425 adjicienda
1716 1341 1975 1410 veniunt
2017 1336 2275 1405 Noticia
2322 1340 2456 1406 Di·
2496 1369 2501 1374 ·

425 1458 757 1545 quitatum
809 1453 1174 1545 Utriusque
1217 1455 1504 1540 Imperii
1546 1454 1645 1544 (§.
1689 1452 1884 1541 230.)
1915 1504 1933 1538 ,
1970 1453 2299 1520 calendarii
2337 1479 2459 1541 pu-

424 1568 573 1632 blici
609 1569 881 1654 species;
929 1569 1091 1631 Sexti
1135 1569 1284 1633 Rufi
1326 1580 1387 1633 et
1424 1569 1491 1633 P.
1533 1568 1797 1636 Victoris
1837 1567 2246 1654 topographia}
2288 1569 2459 1632 urbis

430 1684 683 1764 Romae3
737 1679 1191 1767 cosmographia
1241 1681 1485 1745 AEthico
1537 1693 1768 1747 temere
1806 1681 2104 1767 adscripta
2131 1729 2149 1764 ,
2199 1693 2260 1745 et
2309 1681 2462 1745 Julii

428 1795 684 1860 Honorii
726 1817 760 1858 e
802 1792 1263 1881 cosmographia
1306 1805 1587 1879 excerpta
1612 1843 1630 1877 ,
1682 1795 1832 1858 item
1876 1795 2253 1859 Ravennatis
2295 1817 2460 1860 ano-.-

428 1908 603 1994 nymi
626 1956 643 1988 ,
674 1907 783 1993 qui
810 1908 1017 1972 saeculi
1041 1908 1178 1976 VII.
1207 1918 1454 1992 putatur
1477 1955 1495 1992 ‚
1522 1907 1945 1995 qeoqrapltioe
1976 1907 2119 1970 libri
2149 1907 2458 1993 quinque3

432 2018 809 2084 Itineraria
850 2019 964 2107 (cf.
1017 2020 1166 2085 Cell.
1219 2017 1452 2109 Geoqr.
1505 2018 1671 2083 Ant.
1714 2020 1757 2082 l.
1798 2018 1849 2082 1.
1886 2041 1939 2083 c.
1977 2015 2119 2105 L),
2156 2019 2330 2104 queis
2366 2020 2463 2082 vel

430 2133 828 2221 topographia
861 2133 1113 2219 Imperii
1141 2133 1412 2196 Romani
1443 2132 1716 2217 depicta,
1744 2132 1838 2196 vel
1870 2120 2321 2218 praecipuorum
2356 2134 2462 2196 lo-

434 2270 648 2313 corum
676 2270 782 2333 per
822 2247 947 2311 vias
990 2245 1284 2329 Imperii,
1318 2256 1379 2308 et
1420 2245 1879 2310 intervallorum
1922 2245 2212 2310 indicatio
2257 2246 2467 2311 conti-

438 2343 663 2427 netur.¹
704 2359 927 2424 Prioris
996 2357 1238 2445 generis
1307 2356 1571 2423 Tabula
1618 2345 2189 2449 Pez'ctinqeriana,
2241 2361 2462 2427 Severo

438 2479 811 2563 Imperatore
843 2472 930 2565 (?)
951 2521 969 2557 ,
999 2474 1156 2538 facta
1178 2521 1196 2556 ,
1225 2474 1568 2560 posterioris
1606 2474 1936 2539 Antonini
1966 2473 2262 2563 Auqusti
2290 2497 2472 2540 voca-

440 2602 579 2655 tum
604 2589 1049 2655 Itinerarium
1066 2634 1089 2663 ,
1120 2587 1223 2652 sed
1252 2588 1470 2654 incerti
1490 2588 1728 2653 serioris
1748 2590 1858 2653 aevi
1881 2590 2161 2655 auctoris,
2184 2591 2470 2677 Denique

435 2704 541 2769 hic
568 2703 871 2770 addantur
892 2751 910 2788 ‚
953 2724 1092 2791 quae
1131 2725 1254 2790 quo
1284 2703 1668 2790 potissimum
1697 2701 2013 2769 trahamus
2037 2752 2056 2784 ,
2102 2725 2226 2767 non
2271 2702 2471 2769 habe-
2503 2740 2516 2751 =

431 2841 573 2884 mus
606 2867 624 2902 ,
689 2818 865 2886 Coelii
949 2816 1151 2901 Apicii
1185 2800 1291 2881 ¹da
1359 2829 1503 2882 arto
1570 2819 1968 2904 coquinaria
2031 2817 2276 2881 libellus
2321 2865 2339 2900 ,
2399 2828 2465 2882 et

435 2932 755 2997 Rhemmii
783 2931 1143 2996 Palaemonis
1166 2929 1244 2994 do
1263 2929 1664 3017 ponderibus
1697 2940 1763 2992 et
1785 2931 2117 2995 mensuris
2149 2938 2467 3006 carmon&

442 3055 704 3130 utraque
731 3045 995 3128 suspecti
1026 3042 1321 3108 nominis.

510 3178 564 3246 1)
587 3177 663 3227 cr.
680 3178 786 3227 ωε.
811 3177 883 3229 T.
912 3178 989 3229 D.
1012 3177 1074 3243 ι,
1098 3177 1152 3226 a.

536 3296 688 3360 419.
735 3292 834 3358 Ad
865 3291 1180 3359 historiam
1219 3291 1566 3357 naturalem
1593 3293 1859 3358 maxime
1886 3292 2152 3378 pertinet
2183 3291 2468 3377 primarii
2541 3324 2542 3327 ¹

444 3413 876 3477 Romanorum
919 3432 990 3475 ex
1029 3432 1100 3474 eo
1145 3431 1374 3496 genere
1421 3410 1768 3494 scriptoris,
1825 3408 1892 3474 C.
1942 3407 2129 3474 Plinii
2178 3409 2427 3492 majoris
2454 3456 2475 3491 ,

448 3525 656 3591 saeculi
682 3524 907 3609 primi,
941 3533 1173 3588 vastum
1204 3534 1387 3609 atque
1408 3524 1759 3610 encyclium
1781 3570 1800 3606 ,
1832 3544 1904 3586 ex
1931 3520 2278 3607 innumeris
2305 3542 2482 3605 paene

453 3637 803 3702 auctoribus
854 3645 1217 3721 congestum
1271 3657 1444 3721 opus.
1509 3636 1697 3701 Plinii
1744 3633 2186 3720 compendium
2227 3632 2488 3701 'exhibet

450 3748 603 3812 Julii
624 3748 820 3812 Solini
856 3746 1232 3835 Polybium·
1253 3794 1280 3823 ,
1313 3748 1435 3812 sive
1476 3769 1687 3812 rerum
1728 3746 2226 3811 memorabilium
2257 3734 2487 3815 collec-

449 3870 648 3925 tanea.
682 3861 966 3948 Physices
1008 3872 1152 3925 sunt
1185 3862 1250 3926 L.
1283 3861 1359 3925 A.
1393 3861 1644 3924 Senecae
1670 3856 2115 3924 Naturalium
2152 3857 2488 3946 Quoeetioss-

457 3995 617 4038 num
664 3974 804 4036 libri
853 3976 991 4043 Vll.
1052 3977 1215 4041 Rem
1269 3973 1558 4038 rusticam
1622 3972 1904 4059 inprimis
1979 3990 2209 4036 amasse
2266 3975 2491 4058 priscos

454 4088 801 4171 Romanos,
858 4089 1094 4175 scriptis
1130 4109 1379 4177 quoque
1430 4089 1656 4155 multos
1703 4088 2072 4169 illustrasse,
2119 4107 2304 4173 supra
2331 4087 2500 4152 dixi-

2096 4201 2182 4262 53
