3111 4829
1474 417 1733 497 (206)

600 541 882 607 habuisse
920 510 1205 629 putatur,
1253 569 1543 632 munera,
1585 548 1663 613 ab
1715 549 1972 634 Ulpiano
2021 548 2088 636 2)
2133 561 2521 616 enumerata.
2558 553 2633 616 In

600 652 697 718 his
717 666 843 721 erat
862 678 1171 722 servorum
1196 658 1272 722 de
1296 660 1592 743 dominis,
1625 674 2020 746 patronorum
2065 663 2143 728 de
2185 664 2421 729 libertis
2463 687 2635 751 que-

601 770 754 833 relas
792 769 1005 835 audire
1029 820 1049 855 ,
1090 784 1443 840 curatorum
1481 786 1543 839 et
1587 786 1859 841 tutorum
1904 778 2167 843 crimina
2215 799 2595 864 cognoscere
2619 828 2638 862 ,

602 885 1089 968 argentariorum
1127 886 1373 952 fraudes
1412 910 1692 952 coercere
1716 939 1733 972 ,
1778 892 1980 956 carnis
2017 913 2237 956 curam
2284 914 2497 979 gerere
2521 941 2538 976 ,
2575 903 2638 957 et

602 995 856 1059 omnino
891 998 1398 1082 tranquillitatem
1425 1001 1654 1066 civium
1687 1005 1848 1068 tueri
1880 1004 1987 1092 3);
2018 1004 2187 1069 unde
2223 1015 2284 1069 et
2318 1015 2640 1091 spectacu-

602 1110 807 1174 lorum
858 1109 1176 1196 disciplina
1233 1113 1310 1177 ad
1367 1137 1512 1179 eum
1565 1116 1904 1204 pertinuit3
1957 1117 2285 1205 eidemque
2341 1117 2635 1201 subjectae

601 1222 879 1289 cohortes
920 1226 1171 1290 urbanae
1210 1237 1270 1291 et
1313 1213 1664 1292 Praefectus‘
1707 1230 1987 1317 Vigilum
2027 1229 2130 1320 4).
2184 1231 2449 1296 Potestas
2505 1252 2637 1295 au-

606 1348 733 1402 tem
756 1387 773 1420 ,
804 1350 969 1405 extra
998 1339 1219 1404 urbem
1249 1363 1495 1428 quoque
1537 1341 1614 1406 ad
1658 1344 2066 1408 centesimum
2090 1344 2358 1430 lapidem
2386 1353 2601 1429 patens
2619 1389 2636 1424 ,

606 1464 774 1518 tanta
801 1502 818 1537 ,
865 1464 933 1518 ut
991 1454 1165 1519 ltalia
1207 1454 1577 1519 interdicere
1614 1466 1676 1519 et
1714 1457 1782 1520 in
1822 1456 2051 1521 insulas
2098 1435 2370 1542 relegare
2415 1465 2630 1541 posset.

605 1563 974 1630 Praefectura
1023 1567 1227 1651 urbis,
1274 1569 1797 1654 Constantinopoli
1831 1580 1903 1633 ut
1945 1569 2164 1633 Romae
2192 1569 2514 1651 instituta,
2559 1567 2650 1631 ad-

606 1700 737 1745 sera
784 1677 1113 1746 Orientalis
1151 1682 1404 1767 Imperii
1454 1694 1728 1768 tempora
1761 1682 2001 1746 duravit
2031 1681 2143 1770 5).

676 1841 729 1905 1)
765 1842 841 1890 Cf.
879 1841 999 1890 Tac.
1039 1844 1183 1892 Anu.
1220 1842 1283 1906 6,
1326 1843 1383 1893 11
1410 1880 1426 1908 ,
1468 1843 1605 1892 Suet.
1641 1846 1782 1909 Any.
1824 1843 1925 1907 37,
1960 1844 2071 1893 nio.
2097 1843 2230 1890 Cass.
2252 1843 2349 1908 52,
2374 1843 2459 1893 21.
2493 1870 2555 1880 —
2582 1843 2635 1909 2)

609 1932 815 1983 Panda.
848 1934 909 1981 de
935 1932 1037 1996 Off.
1062 1933 1224 1995 Proes.
1261 1933 1385 1983 Urb.
1404 1961 1467 1972 —
1492 1935 1545 1998 ὅ)
1568 1934 1643 1983 Cf.
1667 1934 1788 1983 Tac.
1819 1936 1962 1984 Arm.
2005 1935 2069 1998 6,
2108 1934 2163 1983 11
2189 1971 2204 1997 ‚
2239 1935 2421 1984 Juven.
2450 1934 2514 1996 4,
2538 1934 2604 1983 77
2621 1972 2637 1997 ,

609 2018 721 2066 mo.
745 2018 876 2068 cass.
899 2019 967 2069 52
983 2057 999 2085 ,
1022 2020 1107 2071 21.
1125 2049 1186 2059 -
1205 2020 1258 2088 4)
1283 2022 1359 2071 cr.
1382 2022 1590 2074 Panda.
1617 2025 1678 2073 aa
1702 2025 1804 2089 off.
1830 2023 1992 2087 Pms.
2016 2022 2139 2087 νὴ.
2156 2049 2217 2060 -
2240 2023 2293 2090 5)
2327 2023 2549 2089 cr.1.yd.
2576 2023 2637 2087 1,

612 2107 802 2176 5⁴‚2‚
838 2111 928 2176 e.)

703 2278 853 2340 225.
914 2275 1246 2339 Praet'ectus
1289 2274 1575 2339 Proetorio
1613 2322 1630 2356 ,
1687 2273 1857 2338 unde
1904 2272 2276 2336 Praefectura
2318 2268 2596 2334 Praetorii
2623 2317 2641 2350 ,

616 2387 874 2479 (Graecis
894 2383 1138 2469 ὕπαρχος
1155 2435 1172 2463 ,
1193 2385 1433 2470 ἔπαρχος
1455 2385 1541 2477 1),
1564 2386 1732 2452 unde
1753 2382 2115 2474 ‘'a-nmirum)
2139 2384 2218 2449 ab
2238 2385 2522 2471 Augusto
2546 2405 2650 2471 pa-

614 2502 764 2567 riter
782 2512 1039 2584 creatus,
1060 2501 1337 2586 praetorio
1361 2497 1427 2590 (§
1449 2498 1761 2587 190),sive
1784 2500 2018 2565 cohorti
2041 2500 2359 2585 praetoriae,
2381 2499 2477 2562 vel
2501 2520 2655 2583 prae-

614 2615 896 2695 torianiS,
917 2625 988 2678 ut
1009 2614 1365 2699 simpliciter
1386 2636 1635 2701 quoque
1651 2624 1966 2696 vocantur,
1994 2613 2037 2678 i.
2065 2636 2118 2679 e.
2146 2610 2448 2677 militibus
2467 2632 2657 2695 praee-

616 2739 745 2811 rat,
766 2750 918 2815 quos
940 2728 1341 2814 Imperatores
1362 2727 1441 2792 ad
1469 2730 1737 2815 corporis
1769 2726 2130 2809 custodiam,
2161 2727 2414 2812 Regum
2445 2735 2508 2788 et
2529 2723 2655 2788 du-

617 2864 763 2907 cum
800 2843 1223 2908 Romanorum
1263 2845 1536 2929 exemplo
1568 2842 1594 2933 (
1609 2846 1651 2929 §
1676 2838 1897 2928 204.),
1939 2841 2189 2906 selectos
2212 2838 2524 2905 habebant
2557 2832 2649 2923 2).

614 2953 803 3020 Initio
825 2956 980 3040 duo,
1006 2957 1120 3021 sub
1139 2957 1381 3022 Tiberio
1405 2980 1569 3022 unus
1608 2962 1646 3022 3
1672 2954 1720 3044 ),
1755 2954 1973 3021 exinde
2012 2953 2196 3034 modo
2239 2975 2440 3035 noue,
2472 2949 2657 3016 modo

616 3070 824 3154 plures
841 3071 1243 3138 inveniuntur
1287 3070 1376 3161 4).
1401 3074 1667 3138 Potestas
1697 3093 1915 3137 eorum
1932 3120 1949 3155 ,
1976 3072 2254 3159 primum
2295 3067 2536 3135 modica
2565 3061 2656 3153 5)

619 3192 682 3246 et
720 3180 809 3270 6)
836 3195 954 3251 tota
979 3186 1265 3252 militaris
1288 3232 1309 3261 ,
1344 3197 1547 3272 postea
1574 3234 1592 3269 ,
1633 3187 1943 3253 Caesarum
1979 3184 2243 3271 imperio
2280 3190 2342 3247 et
2393 3181 2588 3246 salute
2624 3199 2662 3242 a

620 3299 1130 3384 praetorianorum
1190 3297 1316 3363 fide
1364 3299 1747 3383 potissimum
1793 3297 2206 3385 pendentibus
2227 3342 2254 3372 ,
2322 3316 2393 3359 eo
2435 3292 2661 3373 crevit,

617 3422 695 3475 ut
740 3435 922 3499 super
945 3435 1158 3477 omnes
1189 3412 1579 3499 magistratus
1604 3413 1983 3494 eminerent,
2018 3408 2368 3497 gravissima
2397 3424 2665 3490 quaeque

622 3527 913 3612 negotia,
959 3527 1028 3590 in
1067 3526 1165 3590 his
1207 3527 1410 3592 aulica
1449 3523 1564 3614 7),
1605 3527 1728 3591 sive
1778 3526 2016 3592 Domus
2058 3525 2352 3610 Augustae
2407 3516 2608 3580 officia
2647 3564 2666 3599 ,

627 3639 655 3729 (
677 3640 737 3723 §-
765 3646 922 3706 232.
955 3662 1083 3727 sqq.
1110 3635 1137 3728 )
1191 3650 1588 3725 procurantes
1613 3636 1703 3728 8).
1733 3641 1927 3706 Erant
1968 3641 2140 3705 enim
2168 3633 2341 3723 quasi
2380 3632 2665 3717 perpetui

624 3753 990 3839 Principum
1030 3753 1283 3822 comites
1306 3802 1323 3837 ,
1375 3752 1455 3819 ad
1500 3753 1672 3838 jussa
1736 3750 2123 3840 exsequenda
2159 3756 2532 3835 praesentes;
2571 3745 2666 3807 ii·-

630 3866 898 3954 demque
945 3868 1215 3954 supremi
1259 3867 1502 3953 judices
1526 3914 1550 3944 ,
1608 3879 1913 3954 postremo
1976 3886 2056 3928 ne
2099 3860 2178 3928 ad
2223 3861 2667 3946 Imperatorem

632 3980 888 4069 quidem
931 3981 1336 4067 adpellatione
1378 4005 1661 4047 concessa
1687 3979 1796 4071 9);
1829 3990 1899 4045 ut
1937 3976 2154 4041 merito
2186 3974 2471 4040 dicantur
2506 3996 2542 4038 a
2566 3995 2669 4036 re-

639 4094 749 4184 gni
771 4094 1049 4162 societate
1072 4118 1262 4186 prope
1289 4078 1555 4165 abfuisse
1584 4101 1614 4163 1
1630 4094 1717 4185 Ο).
1747 4096 1982 4183 Magnae
2007 4091 2314 4181 potestatis
2362 4086 2665 4155 indicium
