<?xml version="1.0" encoding="UTF-8"?>
<!DOCTYPE html PUBLIC "-//W3C//DTD XHTML 1.0 Transitional//EN"
    "http://www.w3.org/TR/xhtml1/DTD/xhtml1-transitional.dtd">
<html xmlns="http://www.w3.org/1999/xhtml" xml:lang="en" lang="en">
 <head>
  <title>
</title>
<meta http-equiv="Content-Type" content="text/html;charset=utf-8" />
  <meta name='ocr-system' content='tesseract 3.04.00' />
  <meta name='ocr-capabilities' content='ocr_page ocr_carea ocr_par ocr_line ocrx_word'/>
</head>
<body>
  <div class='ocr_page' id='page_1' title='image "./antiquitatesrom00dirkgoog_0415.png"; bbox 0 0 3111 4829; ppageno 0'>
   <div class='ocr_carea' id='block_1_1' title="bbox 1544 415 1804 502">
    <p class='ocr_par' dir='ltr' id='par_1_1' title="bbox 1544 415 1804 502">
     <span class='ocr_line' id='line_1_1' title="bbox 1544 415 1804 502; baseline 0.023 -6"><span class='ocrx_word' id='word_1_1' title='bbox 1544 415 1804 502; x_wconf 79' lang='lat'><strong>(372)</strong></span> 
     </span>
    </p>
   </div>
   <div class='ocr_carea' id='block_1_2' title="bbox 661 545 2708 795">
    <p class='ocr_par' dir='ltr' id='par_1_2' title="bbox 661 545 2708 795">
     <span class='ocr_line' id='line_1_2' title="bbox 668 545 2708 617; baseline -0.004 -17"><span class='ocrx_word' id='word_1_2' title='bbox 668 565 861 606; x_wconf 77' lang='lat' dir='ltr'><strong>merum</strong></span> <span class='ocrx_word' id='word_1_3' title='bbox 914 547 1062 599; x_wconf 77' lang='lat' dir='ltr'><strong>modo</strong></span> <span class='ocrx_word' id='word_1_4' title='bbox 1092 546 1356 612; x_wconf 69' lang='lat' dir='ltr'><strong>-remigum</strong></span> <span class='ocrx_word' id='word_1_5' title='bbox 1399 545 1659 597; x_wconf 71' lang='lat' dir='ltr'><strong>trahenda.</strong></span> <span class='ocrx_word' id='word_1_6' title='bbox 1704 551 1842 602; x_wconf 79' lang='lat' dir='ltr'><strong>Inter</strong></span> <span class='ocrx_word' id='word_1_7' title='bbox 1884 552 2019 602; x_wconf 83' lang='lat' dir='ltr'><strong>locos</strong></span> <span class='ocrx_word' id='word_1_8' title='bbox 2058 551 2285 617; x_wconf 72' lang='lat' dir='ltr'><strong>inprimis</strong></span> <span class='ocrx_word' id='word_1_9' title='bbox 2323 546 2708 614; x_wconf 81' lang='lat' dir='ltr'><strong>comparando-</strong></span> 
     </span>
     <span class='ocr_line' id='line_1_3' title="bbox 666 637 2703 708; baseline -0.005 -13"><span class='ocrx_word' id='word_1_10' title='bbox 666 641 843 708; x_wconf 73' lang='lat' dir='ltr'><strong>Polyb.</strong></span> <span class='ocrx_word' id='word_1_11' title='bbox 869 642 929 707; x_wconf 82' lang='lat'><strong>1,</strong></span> <span class='ocrx_word' id='word_1_12' title='bbox 946 641 1011 690; x_wconf 73' lang='lat'><strong>20</strong></span> <span class='ocrx_word' id='word_1_13' title='bbox 1032 644 1082 694; x_wconf 78' lang='lat' dir='ltr'><strong>et</strong></span> <span class='ocrx_word' id='word_1_14' title='bbox 1101 641 1166 690; x_wconf 76' lang='lat'><strong>26</strong></span> <span class='ocrx_word' id='word_1_15' title='bbox 1184 677 1200 704; x_wconf 91' lang='lat'>,</span> <span class='ocrx_word' id='word_1_16' title='bbox 1235 640 1369 687; x_wconf 81' lang='lat' dir='ltr'><strong>Flor.</strong></span> <span class='ocrx_word' id='word_1_17' title='bbox 1392 637 1451 701; x_wconf 73' lang='lat'><strong>4,</strong></span> <span class='ocrx_word' id='word_1_18' title='bbox 1477 639 1568 703; x_wconf 88' lang='lat'><strong>11,</strong></span> <span class='ocrx_word' id='word_1_19' title='bbox 1600 640 1720 690; x_wconf 85' lang='lat' dir='ltr'><strong>ubi:</strong></span> <span class='ocrx_word' id='word_1_20' title='bbox 1746 645 1937 706; x_wconf 73' lang='lat' dir='ltr'><strong>quippo</strong></span> <span class='ocrx_word' id='word_1_21' title='bbox 1971 660 2005 694; x_wconf 80' lang='lat' dir='ltr'><strong>a</strong></span> <span class='ocrx_word' id='word_1_22' title='bbox 2042 646 2180 692; x_wconf 74' lang='lat' dir='ltr'><strong>senis</strong></span> <span class='ocrx_word' id='word_1_23' title='bbox 2207 644 2265 690; x_wconf 75' lang='lat' dir='ltr'><strong>in</strong></span> <span class='ocrx_word' id='word_1_24' title='bbox 2291 655 2510 690; x_wconf 75' lang='lat' dir='ltr'><strong>novenos</strong></span> <span class='ocrx_word' id='word_1_25' title='bbox 2528 652 2703 686; x_wconf 72' lang='lat' dir='ltr'><strong>remos</strong></span> 
     </span>
     <span class='ocr_line' id='line_1_4' title="bbox 661 729 2700 795; baseline -0.005 -10"><span class='ocrx_word' id='word_1_26' title='bbox 661 751 782 785; x_wconf 73' lang='lat' dir='ltr'><strong>rum</strong></span> <span class='ocrx_word' id='word_1_27' title='bbox 803 734 1101 795; x_wconf 71' lang='lat' dir='ltr'><strong><em>ordinibus,</em></strong></span> <span class='ocrx_word' id='word_1_28' title='bbox 1132 733 1202 781; x_wconf 79' lang='lat' dir='ltr'><strong>ad</strong></span> <span class='ocrx_word' id='word_1_29' title='bbox 1240 733 1331 781; x_wconf 80' lang='grc' dir='ltr'><strong>Ιιοσ</strong></span> <span class='ocrx_word' id='word_1_30' title='bbox 1369 730 1597 779; x_wconf 58' lang='lat' dir='ltr'><strong>funibus</strong></span> <span class='ocrx_word' id='word_1_31' title='bbox 1634 739 1784 795; x_wconf 75' lang='lat' dir='ltr'><strong>atquo</strong></span> <span class='ocrx_word' id='word_1_32' title='bbox 1817 733 2054 782; x_wconf 74' lang='lat' dir='ltr'><strong>tabulatis</strong></span> <span class='ocrx_word' id='word_1_33' title='bbox 2077 734 2301 782; x_wconf 66' lang='lat' dir='ltr'><strong>allevato</strong></span> <span class='ocrx_word' id='word_1_34' title='bbox 2326 757 2389 769; x_wconf 93' lang='lat'>—</span> <span class='ocrx_word' id='word_1_35' title='bbox 2408 765 2423 779; x_wconf 92' lang='lat'><strong>.</strong></span> <span class='ocrx_word' id='word_1_36' title='bbox 2464 729 2700 779; x_wconf 61' lang='grc' dir='ltr'><strong>(ἔω-ἀνία</strong></span> 
     </span>
    </p>
   </div>
   <div class='ocr_carea' id='block_1_3' title="bbox 557 815 2692 884">
    <p class='ocr_par' dir='ltr' id='par_1_3' title="bbox 557 815 2692 884">
     <span class='ocr_line' id='line_1_5' title="bbox 557 815 2692 884; baseline -0.005 -11"><span class='ocrx_word' id='word_1_37' title='bbox 557 838 564 846; x_wconf 83' lang='grc'><em>“</em></span> <span class='ocrx_word' id='word_1_38' title='bbox 662 839 863 874; x_wconf 70' lang='lat' dir='ltr'><strong>novena</strong></span> <span class='ocrx_word' id='word_1_39' title='bbox 884 821 1172 871; x_wconf 59' lang='lat' dir='ltr'><strong>triremibus</strong></span> <span class='ocrx_word' id='word_1_40' title='bbox 1206 823 1264 869; x_wconf 71' lang='lat' dir='ltr'><strong>s‘n</strong></span> <span class='ocrx_word' id='word_1_41' title='bbox 1296 836 1469 883; x_wconf 74' lang='lat' dir='ltr'><strong>sonos,</strong></span> <span class='ocrx_word' id='word_1_42' title='bbox 1509 837 1600 869; x_wconf 77' lang='lat' dir='ltr'><strong>nec</strong></span> <span class='ocrx_word' id='word_1_43' title='bbox 1636 822 1863 884; x_wconf 76' lang='lat' dir='ltr'><strong>amplius</strong></span> <span class='ocrx_word' id='word_1_44' title='bbox 1905 824 2108 871; x_wconf 73' lang='lat' dir='ltr'><strong>ordines</strong></span> <span class='ocrx_word' id='word_1_45' title='bbox 2144 827 2422 870; x_wconf 79' lang='lat' dir='ltr'><strong>creverant.</strong></span> <span class='ocrx_word' id='word_1_46' title='bbox 2444 845 2503 856; x_wconf 95' lang='lat'><strong>-—</strong></span> <span class='ocrx_word' id='word_1_47' title='bbox 2523 817 2579 881; x_wconf 79' lang='lat'><strong>7)</strong></span> <span class='ocrx_word' id='word_1_48' title='bbox 2607 815 2692 864; x_wconf 78' lang='lat' dir='ltr'><strong>Cf.</strong></span> 
     </span>
    </p>
   </div>
   <div class='ocr_carea' id='block_1_4' title="bbox 664 906 2702 1158">
    <p class='ocr_par' dir='ltr' id='par_1_4' title="bbox 664 906 2702 1158">
     <span class='ocr_line' id='line_1_6' title="bbox 666 906 2682 976; baseline -0.003 -15"><span class='ocrx_word' id='word_1_49' title='bbox 666 911 775 961; x_wconf 75' lang='lat' dir='ltr'><strong>mv.</strong></span> <span class='ocrx_word' id='word_1_50' title='bbox 802 912 905 976; x_wconf 74' lang='lat'><strong>20,</strong></span> <span class='ocrx_word' id='word_1_51' title='bbox 941 910 1033 974; x_wconf 69' lang='lat' dir='ltr'><strong>ss,</strong></span> <span class='ocrx_word' id='word_1_52' title='bbox 1055 911 1149 973; x_wconf 77' lang='lat'><strong>29,</strong></span> <span class='ocrx_word' id='word_1_53' title='bbox 1178 911 1271 973; x_wconf 75' lang='lat'><strong>35,</strong></span> <span class='ocrx_word' id='word_1_54' title='bbox 1291 911 1411 959; x_wconf 71' lang='lat' dir='ltr'><strong>Tac.</strong></span> <span class='ocrx_word' id='word_1_55' title='bbox 1428 909 1571 959; x_wconf 61' lang='lat' dir='ltr'><strong>Hae.</strong></span> <span class='ocrx_word' id='word_1_56' title='bbox 1593 909 1614 958; x_wconf 81' lang='lat' dir='ltr'><strong>t</strong></span> <span class='ocrx_word' id='word_1_57' title='bbox 1639 946 1655 971; x_wconf 93' lang='lat'>,</span> <span class='ocrx_word' id='word_1_58' title='bbox 1677 909 1760 961; x_wconf 74' lang='lat' dir='ltr'><strong>ss.</strong></span> <span class='ocrx_word' id='word_1_59' title='bbox 1789 938 1849 949; x_wconf 93' lang='grc'><strong>-</strong></span> <span class='ocrx_word' id='word_1_60' title='bbox 1872 911 1925 974; x_wconf 86' lang='lat' dir='ltr'><strong>s)</strong></span> <span class='ocrx_word' id='word_1_61' title='bbox 1949 912 2026 960; x_wconf 79' lang='lat' dir='ltr'><strong>cr.</strong></span> <span class='ocrx_word' id='word_1_62' title='bbox 2054 912 2168 960; x_wconf 72' lang='lat' dir='ltr'><strong>sen.</strong></span> <span class='ocrx_word' id='word_1_63' title='bbox 2191 911 2304 975; x_wconf 76' lang='lat' dir='ltr'><strong>Ep.</strong></span> <span class='ocrx_word' id='word_1_64' title='bbox 2326 909 2411 960; x_wconf 77' lang='lat' dir='ltr'><strong>ss.</strong></span> <span class='ocrx_word' id='word_1_65' title='bbox 2430 934 2495 946; x_wconf 89' lang='lat'>-</span> <span class='ocrx_word' id='word_1_66' title='bbox 2518 906 2574 970; x_wconf 78' lang='lat' dir='ltr'><strong>s)</strong></span> <span class='ocrx_word' id='word_1_67' title='bbox 2595 906 2682 955; x_wconf 76' lang='lat' dir='ltr'><strong>cr.</strong></span> 
     </span>
     <span class='ocr_line' id='line_1_7' title="bbox 668 996 2702 1066; baseline -0.003 -17"><span class='ocrx_word' id='word_1_68' title='bbox 668 1001 779 1057; x_wconf 66' lang='lat' dir='ltr'><strong>mv.</strong></span> <span class='ocrx_word' id='word_1_69' title='bbox 816 1001 910 1066; x_wconf 74' lang='lat'><strong>29,</strong></span> <span class='ocrx_word' id='word_1_70' title='bbox 949 1000 1042 1065; x_wconf 73' lang='lat' dir='ltr'><strong>ss,</strong></span> <span class='ocrx_word' id='word_1_71' title='bbox 1079 999 1171 1064; x_wconf 74' lang='lat'><strong>45,</strong></span> <span class='ocrx_word' id='word_1_72' title='bbox 1209 998 1446 1064; x_wconf 80' lang='lat' dir='ltr'><strong>e.-1o)</strong></span> <span class='ocrx_word' id='word_1_73' title='bbox 1482 999 1558 1048; x_wconf 80' lang='lat' dir='ltr'><strong>cr.</strong></span> <span class='ocrx_word' id='word_1_74' title='bbox 1592 999 1715 1049; x_wconf 71' lang='lat' dir='ltr'><strong>Lao.</strong></span> <span class='ocrx_word' id='word_1_75' title='bbox 1751 1000 1814 1064; x_wconf 74' lang='lat' dir='ltr'><strong>s,</strong></span> <span class='ocrx_word' id='word_1_76' title='bbox 1845 999 2149 1064; x_wconf 53' lang='grc' dir='ltr'><strong>εει-ιι)</strong></span> <span class='ocrx_word' id='word_1_77' title='bbox 2188 999 2264 1049; x_wconf 81' lang='lat' dir='ltr'><strong>cr.</strong></span> <span class='ocrx_word' id='word_1_78' title='bbox 2297 1000 2435 1048; x_wconf 65' lang='lat' dir='ltr'><strong>mor.</strong></span> <span class='ocrx_word' id='word_1_79' title='bbox 2469 996 2702 1061; x_wconf 49' lang='lat'><em>22...-</em></span> 
     </span>
     <span class='ocr_line' id='line_1_8' title="bbox 664 1087 2488 1158; baseline -0.001 -18"><span class='ocrx_word' id='word_1_80' title='bbox 664 1091 753 1158; x_wconf 73' lang='lat'><strong>12)</strong></span> <span class='ocrx_word' id='word_1_81' title='bbox 776 1090 1104 1156; x_wconf 50' lang='lat' dir='ltr'><strong>esuum,</strong></span> <span class='ocrx_word' id='word_1_82' title='bbox 1129 1089 1210 1142; x_wconf 84' lang='lat'><strong>10.</strong></span> <span class='ocrx_word' id='word_1_83' title='bbox 1233 1089 1625 1157; x_wconf 69' lang='lat' dir='ltr'><strong>-1s)cr.1.iv.</strong></span> <span class='ocrx_word' id='word_1_84' title='bbox 1651 1090 1960 1156; x_wconf 69' lang='lat'><strong>11».,1³0151›.</strong></span> <span class='ocrx_word' id='word_1_85' title='bbox 1988 1091 2048 1156; x_wconf 90' lang='lat'><strong>1,</strong></span> <span class='ocrx_word' id='word_1_86' title='bbox 2073 1088 2411 1156; x_wconf 52' lang='lat' dir='ltr'><strong>samma,</strong></span> <span class='ocrx_word' id='word_1_87' title='bbox 2433 1087 2488 1139; x_wconf 76' lang='lat' dir='ltr'><strong>s.</strong></span> 
     </span>
    </p>
   </div>
   <div class='ocr_carea' id='block_1_5' title="bbox 955 1249 2408 1314">
    <p class='ocr_par' dir='ltr' id='par_1_5' title="bbox 955 1249 2408 1314">
     <span class='ocr_line' id='line_1_9' title="bbox 955 1249 2408 1314; baseline 0 -20"><span class='ocrx_word' id='word_1_88' title='bbox 955 1249 1350 1313; x_wconf 65' lang='lat' dir='ltr'><strong>snt-mma,</strong></span> <span class='ocrx_word' id='word_1_89' title='bbox 1395 1251 1692 1314; x_wconf 67' lang='lat' dir='ltr'><strong>samu,</strong></span> <span class='ocrx_word' id='word_1_90' title='bbox 1738 1252 2125 1314; x_wconf 65' lang='lat' dir='ltr'><strong>minuans,</strong></span> <span class='ocrx_word' id='word_1_91' title='bbox 2170 1249 2408 1294; x_wconf 66' lang='lat' dir='ltr'><strong>nomn.</strong></span> 
     </span>
    </p>
   </div>
   <div class='ocr_carea' id='block_1_6' title="bbox 610 1362 2726 4172">
    <p class='ocr_par' dir='ltr' id='par_1_6' title="bbox 610 1362 2726 4172">
     <span class='ocr_line' id='line_1_10' title="bbox 758 1362 2702 1452; baseline -0.003 -20"><span class='ocrx_word' id='word_1_92' title='bbox 758 1367 842 1432; x_wconf 78' lang='lat'><strong>37</strong></span> <span class='ocrx_word' id='word_1_93' title='bbox 851 1366 911 1431; x_wconf 82' lang='lat'><strong>4.</strong></span> <span class='ocrx_word' id='word_1_94' title='bbox 958 1363 1266 1452; x_wconf 88' lang='lat' dir='ltr'><strong>Principio</strong></span> <span class='ocrx_word' id='word_1_95' title='bbox 1301 1366 1461 1431; x_wconf 86' lang='lat' dir='ltr'><strong>cives</strong></span> <span class='ocrx_word' id='word_1_96' title='bbox 1481 1367 1749 1431; x_wconf 85' lang='lat' dir='ltr'><strong>Romani</strong></span> <span class='ocrx_word' id='word_1_97' title='bbox 1781 1367 1912 1431; x_wconf 87' lang='lat' dir='ltr'><strong>sine</strong></span> <span class='ocrx_word' id='word_1_98' title='bbox 1936 1364 2239 1451; x_wconf 85' lang='lat' dir='ltr'><strong>stipendio</strong></span> <span class='ocrx_word' id='word_1_99' title='bbox 2255 1414 2272 1449; x_wconf 90' lang='lat'>,</span> <span class='ocrx_word' id='word_1_100' title='bbox 2295 1363 2482 1428; x_wconf 85' lang='lat' dir='ltr'><strong>armis</strong></span> <span class='ocrx_word' id='word_1_101' title='bbox 2506 1362 2702 1427; x_wconf 87' lang='lat' dir='ltr'><strong>etiam</strong></span> 
     </span>
     <span class='ocr_line' id='line_1_11' title="bbox 662 1477 2709 1569; baseline -0.004 -21"><span class='ocrx_word' id='word_1_102' title='bbox 662 1482 824 1566; x_wconf 84' lang='lat' dir='ltr'><strong>suis,</strong></span> <span class='ocrx_word' id='word_1_103' title='bbox 867 1480 1065 1568; x_wconf 87' lang='lat' dir='ltr'><strong>iisque</strong></span> <span class='ocrx_word' id='word_1_104' title='bbox 1090 1502 1163 1545; x_wconf 87' lang='lat' dir='ltr'><strong>ex</strong></span> <span class='ocrx_word' id='word_1_105' title='bbox 1203 1502 1391 1546; x_wconf 89' lang='lat' dir='ltr'><strong>censu</strong></span> <span class='ocrx_word' id='word_1_106' title='bbox 1422 1479 1672 1546; x_wconf 86' lang='lat' dir='ltr'><strong>diversis</strong></span> <span class='ocrx_word' id='word_1_107' title='bbox 1720 1480 1815 1569; x_wconf 85' lang='lat'><strong>(§.</strong></span> <span class='ocrx_word' id='word_1_108' title='bbox 1872 1478 2059 1568; x_wconf 83' lang='lat'>145.)</span> <span class='ocrx_word' id='word_1_109' title='bbox 2089 1479 2479 1561; x_wconf 87' lang='lat' dir='ltr'><strong>militabant,</strong></span> <span class='ocrx_word' id='word_1_110' title='bbox 2517 1477 2709 1552; x_wconf 32' lang='lat' dir='ltr'><strong>tenui·</strong></span> 
     </span>
     <span class='ocr_line' id='line_1_12' title="bbox 663 1589 2706 1682; baseline -0.004 -21"><span class='ocrx_word' id='word_1_111' title='bbox 663 1596 833 1661; x_wconf 78' lang='lat' dir='ltr'><strong>victu</strong></span> <span class='ocrx_word' id='word_1_112' title='bbox 855 1645 872 1678; x_wconf 92' lang='lat'>‚</span> <span class='ocrx_word' id='word_1_113' title='bbox 908 1593 1111 1682; x_wconf 81' lang='lat' dir='ltr'><strong>praeda</strong></span> <span class='ocrx_word' id='word_1_114' title='bbox 1135 1644 1153 1679; x_wconf 88' lang='lat'>‚</span> <span class='ocrx_word' id='word_1_115' title='bbox 1198 1616 1389 1681; x_wconf 88' lang='lat' dir='ltr'><strong>quam</strong></span> <span class='ocrx_word' id='word_1_116' title='bbox 1429 1594 1669 1659; x_wconf 87' lang='lat' dir='ltr'><strong>bellum</strong></span> <span class='ocrx_word' id='word_1_117' title='bbox 1713 1593 2143 1680; x_wconf 88' lang='lat' dir='ltr'><strong>promittebat,</strong></span> <span class='ocrx_word' id='word_1_118' title='bbox 2202 1592 2504 1656; x_wconf 88' lang='lat' dir='ltr'><strong>contenti.</strong></span> <span class='ocrx_word' id='word_1_119' title='bbox 2560 1589 2706 1654; x_wconf 84' lang='lat' dir='ltr'><strong>An-</strong></span> 
     </span>
     <span class='ocr_line' id='line_1_13' title="bbox 668 1703 2710 1793; baseline -0.004 -19"><span class='ocrx_word' id='word_1_120' title='bbox 668 1730 901 1775; x_wconf 82' lang='lat' dir='ltr'><strong>nonam</strong></span> <span class='ocrx_word' id='word_1_121' title='bbox 946 1718 1156 1772; x_wconf 86' lang='lat' dir='ltr'><strong>tamen</strong></span> <span class='ocrx_word' id='word_1_122' title='bbox 1199 1707 1294 1770; x_wconf 73' lang='lat' dir='ltr'><strong>vel</strong></span> <span class='ocrx_word' id='word_1_123' title='bbox 1348 1716 1491 1771; x_wconf 88' lang='lat' dir='ltr'><strong>ante</strong></span> <span class='ocrx_word' id='word_1_124' title='bbox 1536 1706 1819 1770; x_wconf 82' lang='lat' dir='ltr'><strong>Servium</strong></span> <span class='ocrx_word' id='word_1_125' title='bbox 1871 1703 1936 1793; x_wconf 88' lang='lat'><strong>1)</strong></span> <span class='ocrx_word' id='word_1_126' title='bbox 1984 1703 2230 1790; x_wconf 89' lang='lat' dir='ltr'><strong>publice</strong></span> <span class='ocrx_word' id='word_1_127' title='bbox 2272 1704 2592 1791; x_wconf 82' lang='lat' dir='ltr'><strong>praebitam</strong></span> <span class='ocrx_word' id='word_1_128' title='bbox 2641 1713 2710 1766; x_wconf 90' lang='lat' dir='ltr'><strong>et</strong></span> 
     </span>
     <span class='ocr_line' id='line_1_14' title="bbox 667 1814 2707 1906; baseline -0.002 -23"><span class='ocrx_word' id='word_1_129' title='bbox 667 1820 863 1906; x_wconf 85' lang='lat' dir='ltr'><strong>pediti</strong></span> <span class='ocrx_word' id='word_1_130' title='bbox 903 1830 963 1883; x_wconf 90' lang='lat' dir='ltr'><strong>et</strong></span> <span class='ocrx_word' id='word_1_131' title='bbox 999 1819 1195 1903; x_wconf 88' lang='lat' dir='ltr'><strong>magis</strong></span> <span class='ocrx_word' id='word_1_132' title='bbox 1234 1819 1425 1903; x_wconf 85' lang='lat' dir='ltr'><strong>equiti</strong></span> <span class='ocrx_word' id='word_1_133' title='bbox 1465 1814 1820 1899; x_wconf 84' lang='lat' dir='ltr'>crederem,</span> <span class='ocrx_word' id='word_1_134' title='bbox 1869 1818 1983 1880; x_wconf 88' lang='lat' dir='ltr'><strong>etsi</strong></span> <span class='ocrx_word' id='word_1_135' title='bbox 2023 1827 2358 1902; x_wconf 87' lang='lat' dir='ltr'><strong>utrumque</strong></span> <span class='ocrx_word' id='word_1_136' title='bbox 2400 1838 2527 1879; x_wconf 89' lang='lat' dir='ltr'><strong>non</strong></span> <span class='ocrx_word' id='word_1_137' title='bbox 2570 1826 2707 1880; x_wconf 87' lang='lat' dir='ltr'><strong>tam</strong></span> 
     </span>
     <span class='ocr_line' id='line_1_15' title="bbox 668 1926 2708 2016; baseline -0.002 -19"><span class='ocrx_word' id='word_1_138' title='bbox 668 1942 949 1997; x_wconf 79' lang='lat' dir='ltr'><strong>veterum</strong></span> <span class='ocrx_word' id='word_1_139' title='bbox 992 1930 1338 1994; x_wconf 89' lang='lat' dir='ltr'><strong>testimonio</strong></span> <span class='ocrx_word' id='word_1_140' title='bbox 1362 1978 1380 2012; x_wconf 90' lang='lat'>‚</span> <span class='ocrx_word' id='word_1_141' title='bbox 1413 1950 1602 2016; x_wconf 89' lang='lat' dir='ltr'><strong>quam</strong></span> <span class='ocrx_word' id='word_1_142' title='bbox 1644 1952 1711 1993; x_wconf 81' lang='lat' dir='ltr'><strong>re</strong></span> <span class='ocrx_word' id='word_1_143' title='bbox 1747 1928 2040 1994; x_wconf 82' lang='lat' dir='ltr'><strong>suadente</strong></span> <span class='ocrx_word' id='word_1_144' title='bbox 2081 1926 2172 2015; x_wconf 90' lang='lat'><strong>2).</strong></span> <span class='ocrx_word' id='word_1_145' title='bbox 2213 1929 2513 1993; x_wconf 87' lang='lat' dir='ltr'><strong>Paulatim</strong></span> <span class='ocrx_word' id='word_1_146' title='bbox 2555 1950 2708 1992; x_wconf 84' lang='lat' dir='ltr'><strong>vero</strong></span> 
     </span>
     <span class='ocr_line' id='line_1_16' title="bbox 670 2039 2710 2132; baseline -0.001 -24"><span class='ocrx_word' id='word_1_147' title='bbox 670 2055 998 2132; x_wconf 87' lang='lat' dir='ltr'><strong>perpetuos</strong></span> <span class='ocrx_word' id='word_1_148' title='bbox 1018 2043 1147 2107; x_wconf 85' lang='lat' dir='ltr'><strong>fere</strong></span> <span class='ocrx_word' id='word_1_149' title='bbox 1173 2042 1445 2107; x_wconf 85' lang='lat' dir='ltr'><strong>delectus</strong></span> <span class='ocrx_word' id='word_1_150' title='bbox 1461 2090 1479 2125; x_wconf 90' lang='lat'>‚</span> <span class='ocrx_word' id='word_1_151' title='bbox 1504 2042 1687 2106; x_wconf 85' lang='lat' dir='ltr'><strong>simul</strong></span> <span class='ocrx_word' id='word_1_152' title='bbox 1709 2042 1985 2128; x_wconf 81' lang='lat' dir='ltr'><strong>longiora</strong></span> <span class='ocrx_word' id='word_1_153' title='bbox 2014 2051 2075 2106; x_wconf 94' lang='lat' dir='ltr'><strong>et</strong></span> <span class='ocrx_word' id='word_1_154' title='bbox 2098 2042 2422 2106; x_wconf 83' lang='lat' dir='ltr'><strong>remotiora</strong></span> <span class='ocrx_word' id='word_1_155' title='bbox 2443 2039 2522 2106; x_wconf 88' lang='lat' dir='ltr'><strong>ab</strong></span> <span class='ocrx_word' id='word_1_156' title='bbox 2539 2039 2710 2106; x_wconf 80' lang='lat' dir='ltr'><strong>urbe</strong></span> 
     </span>
     <span class='ocr_line' id='line_1_17' title="bbox 673 2154 2710 2244; baseline -0.001 -22"><span class='ocrx_word' id='word_1_157' title='bbox 673 2157 837 2225; x_wconf 87' lang='lat' dir='ltr'><strong>bella</strong></span> <span class='ocrx_word' id='word_1_158' title='bbox 879 2158 1214 2244; x_wconf 89' lang='lat' dir='ltr'><strong>impensius</strong></span> <span class='ocrx_word' id='word_1_159' title='bbox 1256 2157 1487 2243; x_wconf 83' lang='lat' dir='ltr'><strong>gravati</strong></span> <span class='ocrx_word' id='word_1_160' title='bbox 1531 2167 1674 2220; x_wconf 91' lang='lat' dir='ltr'><strong>sunt</strong></span> <span class='ocrx_word' id='word_1_161' title='bbox 1716 2156 1930 2242; x_wconf 88' lang='lat' dir='ltr'><strong>iniqua</strong></span> <span class='ocrx_word' id='word_1_162' title='bbox 1972 2177 2127 2242; x_wconf 80' lang='lat' dir='ltr'><strong>soepe</strong></span> <span class='ocrx_word' id='word_1_163' title='bbox 2168 2156 2502 2242; x_wconf 87' lang='lat' dir='ltr'><strong>spoliorum</strong></span> <span class='ocrx_word' id='word_1_164' title='bbox 2539 2154 2710 2220; x_wconf 82' lang='lat' dir='ltr'><strong>divi—</strong></span> 
     </span>
     <span class='ocr_line' id='line_1_18' title="bbox 685 2269 2707 2358; baseline 0 -23"><span class='ocrx_word' id='word_1_165' title='bbox 685 2271 874 2338; x_wconf 80' lang='lat' dir='ltr'><strong>sione.</strong></span> <span class='ocrx_word' id='word_1_166' title='bbox 909 2271 1042 2355; x_wconf 82' lang='lat' dir='ltr'><strong>Sic,</strong></span> <span class='ocrx_word' id='word_1_167' title='bbox 1066 2271 1324 2337; x_wconf 86' lang='lat' dir='ltr'><strong>durante</strong></span> <span class='ocrx_word' id='word_1_168' title='bbox 1345 2271 1648 2358; x_wconf 88' lang='lat' dir='ltr'><strong>Vejorum</strong></span> <span class='ocrx_word' id='word_1_169' title='bbox 1684 2269 1999 2336; x_wconf 87' lang='lat' dir='ltr'><strong>obsidione</strong></span> <span class='ocrx_word' id='word_1_170' title='bbox 2018 2320 2036 2354; x_wconf 86' lang='lat'>‚</span> <span class='ocrx_word' id='word_1_171' title='bbox 2073 2273 2428 2336; x_wconf 83' lang='lat' dir='ltr'><strong>necessitate</strong></span> <span class='ocrx_word' id='word_1_172' title='bbox 2454 2282 2707 2337; x_wconf 86' lang='lat' dir='ltr'><strong>coactus</strong></span> 
     </span>
     <span class='ocr_line' id='line_1_19' title="bbox 683 2381 2711 2476; baseline -0 -25"><span class='ocrx_word' id='word_1_173' title='bbox 683 2395 932 2451; x_wconf 84' lang='lat' dir='ltr'><strong>senatus</strong></span> <span class='ocrx_word' id='word_1_174' title='bbox 962 2385 1231 2472; x_wconf 89' lang='lat' dir='ltr'><strong>primum</strong></span> <span class='ocrx_word' id='word_1_175' title='bbox 1278 2382 1370 2476; x_wconf 91' lang='lat' dir='ltr'><strong>(a.</strong></span> <span class='ocrx_word' id='word_1_176' title='bbox 1396 2386 1469 2451; x_wconf 81' lang='lat' dir='ltr'><strong>U.</strong></span> <span class='ocrx_word' id='word_1_177' title='bbox 1514 2384 1584 2449; x_wconf 84' lang='lat' dir='ltr'><strong>C.</strong></span> <span class='ocrx_word' id='word_1_178' title='bbox 1614 2381 1803 2473; x_wconf 87' lang='grc'>349.)</span> <span class='ocrx_word' id='word_1_179' title='bbox 1836 2383 2054 2471; x_wconf 87' lang='lat' dir='ltr'><strong>pediti,</strong></span> <span class='ocrx_word' id='word_1_180' title='bbox 2099 2405 2236 2450; x_wconf 84' lang='lat' dir='ltr'><strong>mox</strong></span> <span class='ocrx_word' id='word_1_181' title='bbox 2274 2385 2464 2451; x_wconf 87' lang='lat' dir='ltr'><strong>etiam</strong></span> <span class='ocrx_word' id='word_1_182' title='bbox 2510 2385 2711 2471; x_wconf 83' lang='lat' dir='ltr'><strong>equiti</strong></span> 
     </span>
     <span class='ocr_line' id='line_1_20' title="bbox 679 2495 2712 2588; baseline -0.001 -21"><span class='ocrx_word' id='word_1_183' title='bbox 679 2499 1056 2588; x_wconf 84' lang='lat' dir='ltr'><strong>stipendium</strong></span> <span class='ocrx_word' id='word_1_184' title='bbox 1090 2498 1257 2563; x_wconf 82' lang='lat' dir='ltr'><strong>dedit</strong></span> <span class='ocrx_word' id='word_1_185' title='bbox 1302 2495 1392 2585; x_wconf 88' lang='lat'><strong>3).</strong></span> <span class='ocrx_word' id='word_1_186' title='bbox 1435 2500 1529 2561; x_wconf 86' lang='lat' dir='ltr'><strong>De</strong></span> <span class='ocrx_word' id='word_1_187' title='bbox 1572 2498 1871 2583; x_wconf 85' lang='lat' dir='ltr'><strong>stipendio</strong></span> <span class='ocrx_word' id='word_1_188' title='bbox 1907 2499 2041 2583; x_wconf 89' lang='lat' dir='ltr'><strong>jam</strong></span> <span class='ocrx_word' id='word_1_189' title='bbox 2083 2499 2197 2564; x_wconf 89' lang='lat' dir='ltr'><strong>sub</strong></span> <span class='ocrx_word' id='word_1_190' title='bbox 2243 2500 2524 2586; x_wconf 86' lang='lat' dir='ltr'><strong>Regibus</strong></span> <span class='ocrx_word' id='word_1_191' title='bbox 2565 2500 2712 2565; x_wconf 87' lang='lat' dir='ltr'><strong>dato</strong></span> 
     </span>
     <span class='ocr_line' id='line_1_21' title="bbox 684 2610 2718 2701; baseline 0 -23"><span class='ocrx_word' id='word_1_192' title='bbox 684 2613 980 2679; x_wconf 84' lang='lat' dir='ltr'><strong>audacior</strong></span> <span class='ocrx_word' id='word_1_193' title='bbox 1019 2611 1405 2694; x_wconf 84' lang='lat' dir='ltr'><strong>conjectura,</strong></span> <span class='ocrx_word' id='word_1_194' title='bbox 1433 2632 1622 2696; x_wconf 89' lang='lat' dir='ltr'><strong>quam</strong></span> <span class='ocrx_word' id='word_1_195' title='bbox 1667 2610 1743 2676; x_wconf 88' lang='lat' dir='ltr'><strong>de</strong></span> <span class='ocrx_word' id='word_1_196' title='bbox 1770 2633 2050 2697; x_wconf 87' lang='lat' dir='ltr'><strong>annona,</strong></span> <span class='ocrx_word' id='word_1_197' title='bbox 2094 2612 2334 2678; x_wconf 78' lang='lat' dir='ltr'><strong>videtur</strong></span> <span class='ocrx_word' id='word_1_198' title='bbox 2365 2610 2451 2701; x_wconf 79' lang='lat'><strong>4).</strong></span> <span class='ocrx_word' id='word_1_199' title='bbox 2485 2615 2718 2699; x_wconf 83' lang='lat' dir='ltr'><strong>Legio-</strong></span> 
     </span>
     <span class='ocr_line' id='line_1_22' title="bbox 678 2722 2716 2815; baseline 0.001 -25"><span class='ocrx_word' id='word_1_200' title='bbox 678 2724 840 2790; x_wconf 87' lang='lat' dir='ltr'><strong>narii</strong></span> <span class='ocrx_word' id='word_1_201' title='bbox 868 2722 1087 2808; x_wconf 88' lang='lat' dir='ltr'><strong>peditis</strong></span> <span class='ocrx_word' id='word_1_202' title='bbox 1116 2744 1223 2786; x_wconf 87' lang='lat' dir='ltr'><strong>sua</strong></span> <span class='ocrx_word' id='word_1_203' title='bbox 1248 2734 1420 2788; x_wconf 83' lang='lat' dir='ltr'><strong>aetate</strong></span> <span class='ocrx_word' id='word_1_204' title='bbox 1453 2722 1606 2790; x_wconf 89' lang='lat' dir='ltr'><strong>duos</strong></span> <span class='ocrx_word' id='word_1_205' title='bbox 1635 2724 1840 2788; x_wconf 88' lang='lat' dir='ltr'><strong>obolos</strong></span> <span class='ocrx_word' id='word_1_206' title='bbox 1869 2727 2079 2808; x_wconf 74' lang='lat' dir='ltr'><strong>fuisse,</strong></span> <span class='ocrx_word' id='word_1_207' title='bbox 2113 2738 2364 2793; x_wconf 88' lang='lat' dir='ltr'><strong>testatur</strong></span> <span class='ocrx_word' id='word_1_208' title='bbox 2381 2728 2716 2815; x_wconf 77' lang='lat' dir='ltr'><strong>Polybiu83</strong></span> 
     </span>
     <span class='ocr_line' id='line_1_23' title="bbox 610 2835 2715 2928; baseline 0.001 -26"><span class='ocrx_word' id='word_1_209' title='bbox 610 2870 618 2877; x_wconf 28' lang='lat' dir='ltr'><strong>s</strong></span> <span class='ocrx_word' id='word_1_210' title='bbox 675 2847 811 2925; x_wconf 83' lang='lat' dir='ltr'><strong>post</strong></span> <span class='ocrx_word' id='word_1_211' title='bbox 828 2835 1134 2923; x_wconf 86' lang='lat' dir='ltr'><strong>quinque,</strong></span> <span class='ocrx_word' id='word_1_212' title='bbox 1156 2835 1270 2899; x_wconf 83' lang='lat' dir='ltr'><strong>sub</strong></span> <span class='ocrx_word' id='word_1_213' title='bbox 1289 2837 1344 2901; x_wconf 87' lang='lat' dir='ltr'><strong>J.</strong></span> <span class='ocrx_word' id='word_1_214' title='bbox 1369 2836 1598 2901; x_wconf 81' lang='lat' dir='ltr'><strong>Caesare</strong></span> <span class='ocrx_word' id='word_1_215' title='bbox 1625 2836 1837 2903; x_wconf 86' lang='lat' dir='ltr'><strong>decem</strong></span> <span class='ocrx_word' id='word_1_216' title='bbox 1858 2861 2013 2905; x_wconf 87' lang='lat' dir='ltr'><strong>asses</strong></span> <span class='ocrx_word' id='word_1_217' title='bbox 2040 2837 2214 2907; x_wconf 85' lang='lat' dir='ltr'><strong>fuere</strong></span> <span class='ocrx_word' id='word_1_218' title='bbox 2241 2835 2336 2928; x_wconf 86' lang='lat'><strong>5);</strong></span> <span class='ocrx_word' id='word_1_219' title='bbox 2356 2839 2715 2910; x_wconf 83' lang='lat' dir='ltr'><strong>centurioni</strong></span> 
     </span>
     <span class='ocr_line' id='line_1_24' title="bbox 677 2948 2715 3039; baseline 0.001 -23"><span class='ocrx_word' id='word_1_220' title='bbox 677 2951 937 3037; x_wconf 81' lang='lat' dir='ltr'><strong>duplum</strong></span> <span class='ocrx_word' id='word_1_221' title='bbox 962 2998 979 3033; x_wconf 89' lang='lat'>‚</span> <span class='ocrx_word' id='word_1_222' title='bbox 1017 2948 1207 3036; x_wconf 86' lang='lat' dir='ltr'><strong>equiti</strong></span> <span class='ocrx_word' id='word_1_223' title='bbox 1240 2949 1523 3035; x_wconf 85' lang='lat' dir='ltr'><strong>triplum,</strong></span> <span class='ocrx_word' id='word_1_224' title='bbox 1559 2948 1666 3014; x_wconf 86' lang='lat' dir='ltr'><strong>sed</strong></span> <span class='ocrx_word' id='word_1_225' title='bbox 1698 2951 1985 3015; x_wconf 89' lang='lat' dir='ltr'><strong>omnibus</strong></span> <span class='ocrx_word' id='word_1_226' title='bbox 2012 2963 2178 3037; x_wconf 89' lang='lat' dir='ltr'><strong>parte</strong></span> <span class='ocrx_word' id='word_1_227' title='bbox 2214 2976 2320 3038; x_wconf 87' lang='lat' dir='ltr'><strong>pro</strong></span> <span class='ocrx_word' id='word_1_228' title='bbox 2352 2953 2669 3020; x_wconf 86' lang='lat' dir='ltr'><strong>frumento</strong></span> <span class='ocrx_word' id='word_1_229' title='bbox 2692 3003 2715 3039; x_wconf 87' lang='lat'>‚</span> 
     </span>
     <span class='ocr_line' id='line_1_25' title="bbox 677 3060 2720 3154; baseline 0.003 -30"><span class='ocrx_word' id='word_1_230' title='bbox 677 3077 839 3130; x_wconf 80' lang='lat' dir='ltr'><strong>veste</strong></span> <span class='ocrx_word' id='word_1_231' title='bbox 853 3074 915 3128; x_wconf 89' lang='lat' dir='ltr'><strong>et</strong></span> <span class='ocrx_word' id='word_1_232' title='bbox 933 3063 1118 3128; x_wconf 91' lang='lat' dir='ltr'><strong>armis</strong></span> <span class='ocrx_word' id='word_1_233' title='bbox 1136 3061 1401 3128; x_wconf 88' lang='lat' dir='ltr'><strong>detracta</strong></span> <span class='ocrx_word' id='word_1_234' title='bbox 1429 3060 1516 3151; x_wconf 90' lang='lat'><strong>6).</strong></span> <span class='ocrx_word' id='word_1_235' title='bbox 1538 3064 1752 3132; x_wconf 86' lang='lat' dir='ltr'><strong>Victus</strong></span> <span class='ocrx_word' id='word_1_236' title='bbox 1772 3061 2073 3154; x_wconf 85' lang='lat' dir='ltr'><strong>(annona)</strong></span> <span class='ocrx_word' id='word_1_237' title='bbox 2092 3066 2345 3130; x_wconf 88' lang='lat' dir='ltr'><strong>nomine</strong></span> <span class='ocrx_word' id='word_1_238' title='bbox 2369 3066 2592 3130; x_wconf 88' lang='lat' dir='ltr'><strong>milites</strong></span> <span class='ocrx_word' id='word_1_239' title='bbox 2610 3115 2627 3146; x_wconf 87' lang='lat'>,</span> <span class='ocrx_word' id='word_1_240' title='bbox 2649 3078 2720 3131; x_wconf 85' lang='lat' dir='ltr'><strong>et</strong></span> 
     </span>
     <span class='ocr_line' id='line_1_26' title="bbox 674 3177 2723 3270; baseline -0 -25"><span class='ocrx_word' id='word_1_241' title='bbox 674 3177 943 3245; x_wconf 86' lang='lat' dir='ltr'><strong>Romani</strong></span> <span class='ocrx_word' id='word_1_242' title='bbox 972 3188 1033 3240; x_wconf 89' lang='lat' dir='ltr'><strong>et</strong></span> <span class='ocrx_word' id='word_1_243' title='bbox 1051 3226 1068 3260; x_wconf 87' lang='lat'>,</span> <span class='ocrx_word' id='word_1_244' title='bbox 1097 3200 1133 3242; x_wconf 86' lang='lat' dir='ltr'><strong>a</strong></span> <span class='ocrx_word' id='word_1_245' title='bbox 1163 3199 1269 3241; x_wconf 85' lang='lat' dir='ltr'><strong>sua</strong></span> <span class='ocrx_word' id='word_1_246' title='bbox 1298 3177 1539 3241; x_wconf 85' lang='lat' dir='ltr'><strong>civitate</strong></span> <span class='ocrx_word' id='word_1_247' title='bbox 1575 3189 1799 3242; x_wconf 84' lang='lat' dir='ltr'><strong>vestem</strong></span> <span class='ocrx_word' id='word_1_248' title='bbox 1830 3178 2330 3270; x_wconf 85' lang='lat' dir='ltr'><strong>stipendiumque</strong></span> <span class='ocrx_word' id='word_1_249' title='bbox 2359 3178 2666 3243; x_wconf 87' lang='lat' dir='ltr'><strong>habentes</strong></span> <span class='ocrx_word' id='word_1_250' title='bbox 2700 3208 2723 3244; x_wconf 79' lang='lat'><em>2</em></span> 
     </span>
     <span class='ocr_line' id='line_1_27' title="bbox 678 3291 2715 3378; baseline 0.002 -19"><span class='ocrx_word' id='word_1_251' title='bbox 678 3293 824 3359; x_wconf 79' lang='lat' dir='ltr'><strong>socii</strong></span> <span class='ocrx_word' id='word_1_252' title='bbox 863 3291 1219 3378; x_wconf 85' lang='lat' dir='ltr'><strong>legumina,</strong></span> <span class='ocrx_word' id='word_1_253' title='bbox 1267 3293 1452 3359; x_wconf 82' lang='lat' dir='ltr'><strong>salem</strong></span> <span class='ocrx_word' id='word_1_254' title='bbox 1478 3340 1495 3375; x_wconf 92' lang='lat'>‚</span> <span class='ocrx_word' id='word_1_255' title='bbox 1551 3314 1800 3361; x_wconf 88' lang='lat' dir='ltr'><strong>carnem</strong></span> <span class='ocrx_word' id='word_1_256' title='bbox 1855 3293 2227 3362; x_wconf 79' lang='lat' dir='ltr'><strong>infamatam</strong></span> <span class='ocrx_word' id='word_1_257' title='bbox 2253 3341 2270 3376; x_wconf 90' lang='lat'>,</span> <span class='ocrx_word' id='word_1_258' title='bbox 2321 3294 2715 3363; x_wconf 82' lang='lat' dir='ltr'><strong>frumentum</strong></span> 
     </span>
     <span class='ocr_line' id='line_1_28' title="bbox 681 3403 2719 3493; baseline 0.002 -24"><span class='ocrx_word' id='word_1_259' title='bbox 681 3404 948 3470; x_wconf 84' lang='lat' dir='ltr'><strong>maxime</strong></span> <span class='ocrx_word' id='word_1_260' title='bbox 970 3452 987 3487; x_wconf 89' lang='lat'>,</span> <span class='ocrx_word' id='word_1_261' title='bbox 1017 3403 1204 3491; x_wconf 91' lang='lat' dir='ltr'><strong>idque</strong></span> <span class='ocrx_word' id='word_1_262' title='bbox 1234 3407 1343 3488; x_wconf 83' lang='lat' dir='ltr'><strong>pro</strong></span> <span class='ocrx_word' id='word_1_263' title='bbox 1374 3404 1662 3490; x_wconf 89' lang='lat' dir='ltr'><strong>stipendii</strong></span> <span class='ocrx_word' id='word_1_264' title='bbox 1691 3404 1871 3470; x_wconf 90' lang='lat' dir='ltr'><strong>modo</strong></span> <span class='ocrx_word' id='word_1_265' title='bbox 1900 3406 2309 3491; x_wconf 84' lang='lat' dir='ltr'><strong>accipiebant,</strong></span> <span class='ocrx_word' id='word_1_266' title='bbox 2337 3407 2719 3493; x_wconf 86' lang='lat' dir='ltr'><strong>legionarius</strong></span> 
     </span>
     <span class='ocr_line' id='line_1_29' title="bbox 685 3517 2726 3608; baseline 0.002 -26"><span class='ocrx_word' id='word_1_267' title='bbox 685 3517 874 3605; x_wconf 89' lang='lat' dir='ltr'><strong>pedes</strong></span> <span class='ocrx_word' id='word_1_268' title='bbox 901 3519 969 3582; x_wconf 90' lang='lat' dir='ltr'><strong>in</strong></span> <span class='ocrx_word' id='word_1_269' title='bbox 1007 3517 1278 3604; x_wconf 87' lang='lat' dir='ltr'><strong>singulos</strong></span> <span class='ocrx_word' id='word_1_270' title='bbox 1306 3540 1547 3584; x_wconf 88' lang='lat' dir='ltr'><strong>menses</strong></span> <span class='ocrx_word' id='word_1_271' title='bbox 1585 3530 1911 3606; x_wconf 88' lang='lat' dir='ltr'><strong>quaternos</strong></span> <span class='ocrx_word' id='word_1_272' title='bbox 1955 3522 2083 3585; x_wconf 85' lang='lat' dir='ltr'><strong>fere</strong></span> <span class='ocrx_word' id='word_1_273' title='bbox 2122 3520 2356 3585; x_wconf 88' lang='lat' dir='ltr'><strong>modios</strong></span> <span class='ocrx_word' id='word_1_274' title='bbox 2404 3517 2494 3608; x_wconf 91' lang='lat'><strong>7).</strong></span> <span class='ocrx_word' id='word_1_275' title='bbox 2526 3522 2726 3587; x_wconf 87' lang='lat' dir='ltr'><strong>Erant</strong></span> 
     </span>
     <span class='ocr_line' id='line_1_30' title="bbox 687 3631 2719 3722; baseline 0.002 -26"><span class='ocrx_word' id='word_1_276' title='bbox 687 3632 871 3696; x_wconf 86' lang='lat' dir='ltr'><strong>etiam</strong></span> <span class='ocrx_word' id='word_1_277' title='bbox 905 3631 983 3697; x_wconf 91' lang='lat' dir='ltr'><strong>ob</strong></span> <span class='ocrx_word' id='word_1_278' title='bbox 1012 3632 1227 3697; x_wconf 74' lang='lat' dir='ltr'><strong>merita</strong></span> <span class='ocrx_word' id='word_1_279' title='bbox 1257 3643 1363 3698; x_wconf 87' lang='lat' dir='ltr'><strong>aut</strong></span> <span class='ocrx_word' id='word_1_280' title='bbox 1393 3635 1594 3698; x_wconf 76' lang='lat' dir='ltr'><strong>favore</strong></span> <span class='ocrx_word' id='word_1_281' title='bbox 1622 3635 1794 3699; x_wconf 88' lang='lat' dir='ltr'><strong>solito</strong></span> <span class='ocrx_word' id='word_1_282' title='bbox 1822 3636 2085 3722; x_wconf 85' lang='lat' dir='ltr'><strong>amplius</strong></span> <span class='ocrx_word' id='word_1_283' title='bbox 2113 3635 2509 3721; x_wconf 82' lang='lat' dir='ltr'><strong>accipientes3</strong></span> <span class='ocrx_word' id='word_1_284' title='bbox 2544 3635 2719 3700; x_wconf 87' lang='lat' dir='ltr'><strong>unde</strong></span> 
     </span>
     <span class='ocr_line' id='line_1_31' title="bbox 680 3745 2719 3839; baseline 0.001 -30"><span class='ocrx_word' id='word_1_285' title='bbox 680 3757 974 3816; x_wconf 66' lang='lat' dir='ltr'><strong>&#39;vocantur</strong></span> <span class='ocrx_word' id='word_1_286' title='bbox 997 3745 1322 3835; x_wconf 78' lang='lat' dir='ltr'><strong>duplicarii</strong></span> <span class='ocrx_word' id='word_1_287' title='bbox 1348 3759 1409 3812; x_wconf 92' lang='lat' dir='ltr'><strong>et</strong></span> <span class='ocrx_word' id='word_1_288' title='bbox 1430 3759 1757 3813; x_wconf 70' lang='lat' dir='ltr'><strong>armatura-‘2</strong></span> <span class='ocrx_word' id='word_1_289' title='bbox 1781 3748 2091 3836; x_wconf 79' lang='lat' dir='ltr'><strong>duplareS,</strong></span> <span class='ocrx_word' id='word_1_290' title='bbox 2115 3772 2149 3813; x_wconf 91' lang='lat' dir='ltr'><strong>a</strong></span> <span class='ocrx_word' id='word_1_291' title='bbox 2176 3748 2420 3839; x_wconf 89' lang='lat' dir='ltr'><strong>duplice</strong></span> <span class='ocrx_word' id='word_1_292' title='bbox 2444 3771 2719 3835; x_wconf 76' lang='lat' dir='ltr'><strong>annona²</strong></span> 
     </span>
     <span class='ocr_line' id='line_1_32' title="bbox 689 3856 2724 3949; baseline 0.003 -28"><span class='ocrx_word' id='word_1_293' title='bbox 689 3858 1120 3944; x_wconf 82' lang='lat' dir='ltr'><strong>sesquiplares‚</strong></span> <span class='ocrx_word' id='word_1_294' title='bbox 1152 3871 1265 3926; x_wconf 88' lang='lat' dir='ltr'><strong>etc.</strong></span> <span class='ocrx_word' id='word_1_295' title='bbox 1303 3856 1392 3948; x_wconf 89' lang='grc'><strong>8).</strong></span> <span class='ocrx_word' id='word_1_296' title='bbox 1432 3862 1649 3934; x_wconf 86' lang='lat' dir='ltr'><strong>Victus</strong></span> <span class='ocrx_word' id='word_1_297' title='bbox 1685 3874 1896 3928; x_wconf 88' lang='lat' dir='ltr'><strong>autem</strong></span> <span class='ocrx_word' id='word_1_298' title='bbox 1926 3863 2196 3928; x_wconf 89' lang='lat' dir='ltr'><strong>militum</strong></span> <span class='ocrx_word' id='word_1_299' title='bbox 2226 3861 2568 3949; x_wconf 89' lang='lat' dir='ltr'><strong>quotidiani</strong></span> <span class='ocrx_word' id='word_1_300' title='bbox 2596 3861 2724 3928; x_wconf 77' lang='lat' dir='ltr'><strong>sub</strong></span> 
     </span>
     <span class='ocr_line' id='line_1_33' title="bbox 693 3968 2724 4064; baseline 0.004 -31"><span class='ocrx_word' id='word_1_301' title='bbox 693 3968 1028 4035; x_wconf 81' lang='lat' dir='ltr'><strong>Caesaribus</strong></span> <span class='ocrx_word' id='word_1_302' title='bbox 1065 3974 1248 4038; x_wconf 87' lang='lat' dir='ltr'><strong>etiam</strong></span> <span class='ocrx_word' id='word_1_303' title='bbox 1299 3974 1559 4061; x_wconf 88' lang='lat' dir='ltr'><strong>insignis</strong></span> <span class='ocrx_word' id='word_1_304' title='bbox 1598 3977 1910 4063; x_wconf 75' lang='lat' dir='ltr'><strong>frugalitas</strong></span> <span class='ocrx_word' id='word_1_305' title='bbox 1959 3975 2069 4064; x_wconf 84' lang='lat'><strong>9),</strong></span> <span class='ocrx_word' id='word_1_306' title='bbox 2118 3986 2191 4040; x_wconf 91' lang='lat' dir='ltr'><strong>ut</strong></span> <span class='ocrx_word' id='word_1_307' title='bbox 2234 3997 2418 4040; x_wconf 91' lang='lat' dir='ltr'><strong>nemo</strong></span> <span class='ocrx_word' id='word_1_308' title='bbox 2453 3975 2724 4042; x_wconf 80' lang='lat' dir='ltr'><strong>miretur</strong></span> 
     </span>
     <span class='ocr_line' id='line_1_34' title="bbox 685 4082 2719 4172; baseline 0.003 -21"><span class='ocrx_word' id='word_1_309' title='bbox 685 4082 835 4151; x_wconf 81' lang='lat' dir='ltr'><strong>olim</strong></span> <span class='ocrx_word' id='word_1_310' title='bbox 863 4085 1376 4170; x_wconf 86' lang='lat' dir='ltr'><strong>simplicissimum</strong></span> <span class='ocrx_word' id='word_1_311' title='bbox 1397 4110 1416 4172; x_wconf 80' lang='lat'>3</span> <span class='ocrx_word' id='word_1_312' title='bbox 1437 4099 1496 4154; x_wconf 86' lang='lat' dir='ltr'><strong>et</strong></span> <span class='ocrx_word' id='word_1_313' title='bbox 1535 4088 1867 4159; x_wconf 82' lang='lat' dir='ltr'><strong>Creuzerus</strong></span> <span class='ocrx_word' id='word_1_314' title='bbox 1894 4084 1956 4169; x_wconf 79' lang='lat'><strong>§.</strong></span> <span class='ocrx_word' id='word_1_315' title='bbox 1982 4092 2133 4155; x_wconf 85' lang='lat'><strong>259.</strong></span> <span class='ocrx_word' id='word_1_316' title='bbox 2157 4099 2413 4172; x_wconf 76' lang='lat' dir='ltr'><strong>monet,</strong></span> <span class='ocrx_word' id='word_1_317' title='bbox 2444 4110 2560 4157; x_wconf 84' lang='lat' dir='ltr'><strong>nec</strong></span> <span class='ocrx_word' id='word_1_318' title='bbox 2589 4110 2719 4158; x_wconf 85' lang='lat' dir='ltr'><strong>co·-</strong></span> 
     </span>
    </p>
   </div>
  </div>
 </body>
</html>
