3111 4829
1295 359 1321 437 (
1362 358 1446 419 35
1481 356 1508 441 )

488 496 592 557 40.
640 492 731 555 De
751 489 965 577 primis
1003 490 1222 555 Romae
1264 488 1479 553 incolis
1502 501 1619 554 nec
1649 489 1810 554 inter
1837 500 2067 556 veteres
2087 492 2406 577 convenit;

398 626 758 695 quanquam
822 607 1105 692 vulgares
1171 604 1482 669 sententiae
1524 652 1541 686 ‚
1615 605 1917 699 coloniam
1986 605 2170 669 fuisse
2236 604 2408 669 Albae

394 721 621 807 Longae
668 719 778 804 Ι),
810 730 920 785 aut
954 721 1270 784 collectam
1309 740 1342 782 e
1380 715 1774 804 praedonibus
1809 717 2275 784 multitudinem
2308 720 2406 804 2).

393 834 831 917 Recentiores,
893 846 1199 920 nusquam
1256 831 1683 897 ‘vehementius
1750 831 2161 898 discordantes
2184 880 2203 917 ,
2254 834 2412 899 alius

393 947 670 1031 Celticae,
711 948 868 1012 alius
889 946 1119 1012 Graecae
1141 948 1236 1011 vel
1257 946 1521 1031 Pelasgae
1542 994 1560 1028 ‚
1582 944 1837 1032 quidam
1857 947 1927 1009 En
1937 925 2142 1011 ruscaef
2150 947 2408 1032 originis

389 1059 655 1125 Romam
702 1083 834 1127 esse
888 1061 1268 1146 conjiciunt3
1313 1059 1478 1147 quod
1525 1081 1725 1147 nuper
1757 1107 1775 1144 ,
1820 1059 2062 1124 favente
2105 1058 2410 1144 imprimis

394 1170 728 1237 Niebuhrio
758 1172 878 1260 3),
913 1169 1022 1260 qui
1067 1173 1201 1258 jam
1241 1161 1368 1238 sese
1405 1171 1509 1237 hic
1552 1170 1903 1256 damnavit,
1931 1171 2116 1236 multi
2149 1181 2411 1236 conten-

395 1282 435 1346 d
451 1284 654 1350 ebant.

486 1397 812 1482 Caetcrum,
841 1400 1013 1464 urbis
1030 1400 1530 1482 Romaeinitium,
1547 1400 1685 1464 satis
1707 1406 2094 1483 constat,tam
2117 1399 2412 1485 exiguum

390 1511 582 1577 fnisse
603 1559 622 1593 ‚
652 1523 722 1575 ut
751 1534 875 1576 uno
904 1522 1113 1577 monte
1148 1498 1423 1577 Palatino
1456 1512 1917 1576 contineretur:
1957 1522 2097 1597 quae
2128 1510 2414 1596 gentium

388 1624 660 1690 dominas
679 1627 942 1691 tenuitas
969 1625 1335 1692 suavissimis
1355 1637 1670 1712 poetarum
1692 1625 1968 1690 versibus
1987 1623 2294 1689 celebrata
2319 1623 2409 1711 4).

387 1718 674 1804 Formam
712 1739 848 1825 ejus
880 1739 1239 1827 quadratam
1271 1738 1403 1827 5),
1444 1741 1673 1805 moenia
1718 1735 2116 1829 (circuitum)
2156 1736 2237 1802 ab
2268 1737 2414 1801 Ro-

389 1856 560 1919 mulo
602 1866 832 1939 aratro,
863 1855 1098 1940 junctis
1140 1853 1294 1918 bove
1344 1865 1404 1918 et
1445 1875 1667 1937 vacca,
1717 1852 1973 1938 antiquo
2011 1851 2415 1915 Etruscorum

338 2042 343 2046 ᾗ
389 1966 515 2032 ritu
538 1948 851 2056 designata
873 1991 1033 2054 esse,
1057 1980 1291 2034 veteres
1323 1968 1710 2033 tradiderunt
1737 1968 1803 2053 6)
1828 1992 1847 2049 ;
1896 1977 2242 2051 utrumque
2270 1965 2417 2029 Ro·-

390 2101 605 2148 manos
636 2082 709 2148 in
749 2082 1083 2148 fundandis
1116 2083 1373 2146 coloniis
1396 2103 1704 2163 servasse,
1735 2090 1928 2145 castra
1971 2098 2219 2171 quoque
2258 2098 2418 2163 qua-

391 2194 563 2263 drata
596 2196 750 2262 binc
806 2184 1046 2283 semper
1098 2197 1313 2260 fecisse
1346 2245 1363 2278 ,
1415 2194 1749 2282 antiquarii
1796 2192 2017 2257 docent
2069 2192 2160 2279 7).
2228 2191 2420 2272 Quae-

388 2308 575 2373 situm
621 2311 805 2374 etiam
842 2358 861 2392 ,
906 2331 988 2381 an
1043 2306 1341 2395 oppidum
1401 2307 1643 2394 proprie
1694 2304 1856 2369 dicta
1922 2304 2022 2368 sit·
2055 2302 2255 2389 prima
2311 2304 2420 2371 illa

386 2443 539 2508 pars
574 2421 792 2486 Romae
818 2419 907 2509 8).

456 2559 516 2624 1)
553 2558 628 2607 Cf.
662 2558 767 2606 Cic.
801 2560 862 2607 de
895 2558 1025 2623 Rep.
1064 2560 1124 2622 2,
1149 2560 1222 2624 9.,
1246 2556 1600 2626 Creuz.§.13.
1635 2557 1778 2623 -9)
1800 2558 1876 2607 cf.
1900 2559 2081 2607 Juven.
2116 2558 2180 2623 8,
2218 2557 2419 2620 272.—

389 2646 451 2711 5)
474 2646 831 2697 Celeberrimus
850 2645 1060 2695 Creuzer
1077 2683 1093 2711 ‚
1119 2647 1170 2695 in
1192 2647 1600 2710 Antiquitatibus
1618 2647 1717 2696 suis
1737 2662 1867 2713 saepe
1889 2648 2045 2698 multa
2067 2649 2422 2712 interrogando

389 2737 657 2800 defungens
674 2773 691 2796 ‚
720 2751 878 2798 eoque
900 2736 1184 2785 etiamnunc
1198 2736 1535 2785 dubitantibus
1561 2751 1661 2784 uon
1677 2751 1852 2801 parum
1879 2737 2013 2786 utilis
2032 2774 2049 2803 ‚
2083 2737 2168 2786 hic
2184 2734 2228 2806 §.
2254 2738 2333 2788 13.
2361 2740 2418 2789 iu

388 2823 499 2872 aliis
513 2824 692 2887 quoerit
709 2859 725 2886 ‚
758 2837 821 2870 an
850 2824 1003 2872 Roma
1042 2825 1106 2873 sit
1134 2824 1326 2873 colonia
1343 2822 1481 2873 urbis
1502 2824 1673 2888 θοι-ες
1705 2835 1773 2873 'an
1792 2824 1913 2874 binc
1935 2840 2117 2874 nomen
2143 2825 2410 2888 Quirites?

391 2930 455 2962 an
470 2914 664 2979 patricii
683 2928 797 2962 vere
818 2913 1050 2963 Etruscus
1071 2913 1381 2963 sacerdotum
1403 2913 1525 2962 ordo
1549 2913 1568 2978 (
1580 2899 1952 2964 Priamo-caste.
1975 2916 2052 2963 Cf.
2076 2915 2338 2978 compend.
2365 2912 2412 2982 §.

392 3002 558 3068 185.);
582 3018 645 3052 an
663 3002 855 3052 Etrusci
874 3003 966 3052 soli
981 3004 1080 3052 sint
1094 3004 1240 3070 primi
1258 3004 1455 3053 Romuli
1470 3003 1623 3069 cives,
1646 3004 1773 3070 aune
1794 3006 1949 3054 Roma
1971 3006 2175 3069 (ir-meaa,
2196 3004 2416 3067 Pelasgae
2453 3067 2456 3072 Ι

392 3091 673 3155 originis.-
685 3092 957 3157 ⁴)V.0vid.
981 3094 1127 3143 Fau.
1142 3094 1190 3156 1,
1216 3091 1328 3142 197.
1351 3109 1485 3157 sqq„
1502 3094 1703 3159 Prop.l.
1721 3093 1911 3158 ⁴.e1eg.
1928 3094 1976 3142 1.
1994 3098 2046 3142 et
2066 3093 2117 3142 ⁴.
2139 3093 2255 3157 —5)
2280 3093 2412 3142 Hinc

394 3180 539 3231 Ennii
569 3180 839 3230 celebratus
860 3181 1149 3245 antiquariis
1170 3196 1367 3230 versus.
1356 3199 1367 3211 ·
1408 3181 1609 3247 Ecquis
1649 3199 1792 3231 nunc
1823 3188 1973 3231 cnr-ot
1992 3180 2167 3230 Romoe
2199 3196 2418 3243 requam

395 3269 695 3333 quadrata?
716 3272 794 3320 Cf.
821 3273 974 3320 Solin.
1008 3287 1058 3319 c.
1096 3272 1147 3320 9.
1169 3271 1318 3346 Nard-
1356 3271 1424 3321 R·
1445 3272 1661 3334 nemsi,
1684 3273 1736 3321 2.
1757 3300 1817 3310 —
1850 3273 1904 3337 6)
1927 3272 2005 3320 Cf.
2028 3269 2170 3318 ovid.
2196 3270 2340 3318 Fast.
2361 3270 2414 3334 4,

393 3357 490 3408 819
500 3375 711 3425 ‚.seqq‚
728 3362 862 3411 Plut.
885 3361 1036 3410 Rom.
1056 3376 1171 3424 pag.
1205 3361 1299 3423 93,
1323 3362 1455 3409 Fest-
1478 3361 1801 3411 inmensam.
1828 3360 1977 3425 -7)
2018 3360 2095 3408 Cf.
2131 3358 2272 3408 Nieb.
2291 3374 2339 3406 v.
2363 3359 2411 3407 1.
2492 3416 2501 3424 ,

394 3447 953 3515 p-157.—-8)cs.1.iv.
980 3448 1279 3511 49,90.36.

483 3567 588 3628 41.
637 3563 884 3629 Roma
865 3584 934 3627 m
961 3560 1130 3627 Latio
1174 3559 1465 3649 (§13.)‚
1491 3563 1559 3625 in
1591 3563 1859 3628 confinio
1898 3560 2160 3625 Etruriae
2193 3569 2256 3622 et
2291 3558 2411 3623 Sa-

392 3675 679 3741 binorum
709 3677 977 3762 regionis
1016 3674 1283 3768 sedecim
1303 3697 1342 3739 a
1371 3676 1527 3738 mari
1549 3695 1840 3761 passuum
1873 3672 2148 3736 millibus
2170 3670 2280 3735 sita
2309 3668 2402 3759 1).

396 3791 588 3857 Locus
628 3791 970 3857 condendae
1021 3812 1167 3855 casu
1195 3839 1213 3872 ,
1268 3811 1349 3854 an
1401 3789 1657 3853 consilio
1710 3797 1924 3873 captus
1942 3832 1962 3869 ,
2008 3806 2098 3848 an-
2152 3784 2367 3848 fertilis
2391 3833 2409 3867 ,

398 3906 654 3972 salubris
675 3956 693 3991 ,
714 3907 969 3972 omnino
988 3954 1005 3989 ,
1035 3927 1174 3991 quac
1197 3904 1333 3989 ejus
1354 3913 1572 3967 natura
1599 3902 1786 3965 fuerit
1812 3948 1829 3984 ,
1859 3923 1895 3964 a
1915 3897 2227 3968 ,veteribus
2253 3945 2270 3980 ‚
2291 3918 2409 3962 nec

400 4043 577 4106 parva
636 4021 1080 4088 sententiarum
1120 4017 1566 4106 discrepantia,
1611 4014 2011 4102 disceptatum
2044 4010 2150 4100 2).
2174 4009 2416 4075 Tiberis
