3111 4829
1217 904 1752 973 numum.

1391 1107 1611 1129 *—

559 1240 711 1304 279.
762 1240 1201 1328 Antiquissima
1241 1241 1668 1307 Romanorum
1699 1238 1914 1324 religio
1964 1235 2071 1325 1),
2120 1238 2243 1303 sive
2285 1242 2495 1306 cultus

472 1350 729 1418 deorum
754 1400 773 1437 ,
824 1356 1020 1442 qualis
1067 1356 1253 1421 fuerit
1272 1405 1290 1437 ‚
1323 1377 1447 1419 non
1503 1354 1710 1417 minus
1758 1352 2017 1417 obscura
2060 1354 2311 1439 quaestio
2358 1364 2493 1436 est,

467 1487 655 1551 quam
677 1469 878 1553 prima
897 1490 1114 1533 eorum
1132 1469 1389 1534 civitatis
1414 1469 1631 1532 forma.
1654 1466 1900 1531 Etenim
1930 1487 2047 1530 nec
2070 1466 2191 1530 alia
2216 1465 2293 1530 ad
2316 1467 2491 1531 illam

471 1580 614 1646 satis
658 1580 1081 1650 illustrandam
1129 1593 1530 1649 monumenta
1595 1590 1964 1666 supersunt,
2010 1589 2074 1643 et
2123 1579 2489 1663 scriptorum

473 1705 608 1759 tum
638 1694 1006 1763 dissentione
1043 1697 1486 1763 conturbamur
1509 1744 1527 1780 ‚
1580 1707 1745 1778 tum,
1790 1693 1957 1781 quod
1980 1742 1999 1777 ‚
2044 1694 2201 1760 sicut
2239 1674 2311 1758 ⁴iu
2357 1695 2494 1759 aliis

472 1807 759 1874 institutis
804 1811 899 1874 vel
939 1809 1294 1875 enarrandis
1333 1810 1429 1876 vel
1471 1806 1885 1874 memorandis
1907 1855 1925 1891 ,
1971 1807 2057 1873 ita
2095 1807 2164 1871 in
2195 1806 2490 1893 religione

471 1920 809 1986 recentiora
836 1923 1255 1988 vetustissimis
1294 1923 1672 2009 temporibus
1702 1922 1874 1986 nullo
1902 1932 2011 1985 ant
2051 1942 2233 2006 parvo
2263 1920 2491 1985 discri-

471 2036 640 2098 mine
671 2034 948 2122 plerique
973 2035 1346 2101 tribuernnt.
1380 2037 1470 2132 Ex¹
1493 2035 1590 2099 his
1613 2035 1662 2098 si
1681 2083 1699 2117 ‚
1720 2033 2041 2119 primarios
2063 2036 2489 2099 Romanorum

467 2145 733 2211 historiae
769 2159 1047 2213 auctores
1070 2197 1087 2232 ,
1117 2150 1360 2213 Livium
1391 2159 1452 2213 et
1481 2148 1848 2234 Dionysium
1884 2147 2208 2231 probamus
2226 2195 2244 2229 ‚
2274 2146 2426 2212 inde
2450 2169 2489 2212 a

467 2256 699 2339 Numa,
729 2259 852 2322 sive
873 2261 1001 2343 ipsa
1033 2259 1293 2323 numina
1315 2306 1332 2341 ,
1364 2258 1487 2321 sive
1517 2258 1757 2320 cultum
1789 2257 2064 2342 ritusque
2093 2256 2486 2342 respicimus,

470 2368 730 2436 eandem
773 2373 902 2438 fere
947 2394 1136 2460 quam
1180 2374 1413 2460 aliquot
1457 2383 1585 2459 post
1623 2371 1857 2436 saeculis
1900 2372 2262 2469 religionem
2302 2372 2487 2437 fuisse

468 2483 963 2550 existimabimus.
997 2489 1081 2551 At
1119 2485 1197 2550 de
1223 2486 1391 2551 Livio
1427 2506 1599 2550 nunc
1629 2485 1768 2550 satis
1800 2486 2086 2552 convenit
2125 2486 2287 2550 inter
2325 2484 2488 2551 doc-

461 2596 641 2662 tiores
663 2647 684 2682 ,
725 2621 869 2664 eum
916 2601 1110 2685 prima
1142 2600 1312 2666 urbis
1343 2611 1617 2685 tempora
1648 2621 1774 2664 non
1809 2600 2021 2666 critica
2063 2599 2298 2665 ratione
2321 2647 2339 2683 ,
2378 2596 2484 2664 sed

458 2710 537 2779 ad
564 2713 879 2800 vulgarem
909 2734 1034 2778 suoe
1074 2714 1265 2778 aetatis
1295 2725 1355 2778 et
1390 2713 1718 2779 lectoribus
1756 2711 2192 2797 jucundiorem
2233 2712 2480 2798 opinio-

459 2852 605 2896 nem
632 2818 1010 2896 adumbrare'
1039 2831 1332 2915 voluisse,
1370 2842 1533 2894 certe
1575 2829 1988 2895 adumbrasse.
2035 2830 2325 2916 Dionysio
2365 2852 2483 2893 au-

459 2954 585 3008 tem
609 2992 628 3024 ‚
673 2955 955 3008 accurate
1000 2946 1291 3031 pleraque
1335 2944 1618 3009 tractanti
1644 2992 1662 3026 ,
1711 2942 1901 3008 fidem
1952 2945 2172 3008 merito
2218 2941 2483 3007 detrahit

458 3057 851 3122 manifestum
880 3056 1113 3141 ubique
1145 3055 1418 3121 studium
1441 3058 1870 3124 Romanorum
1896 3051 2205 3143 originem
2226 3066 2288 3120 et
2313 3077 2482 3120 rem-

459 3170 771 3256 publicam
806 3191 842 3233 a
873 3168 1102 3233 Graecis
1143 3168 1479 3236 derivandi.
1652 3258 1657 3263 h

520 3306 572 3393 ¹5
590 3330 660 3378 ne
691 3332 856 3394 etymo
875 3344 926 3377 v.
951 3328 1058 3377 cao.
1089 3330 1152 3377 de
1181 3328 1258 3379 N.
1288 3330 1364 3379 D.
1381 3329 1444 3394 2,
1463 3330 1528 3380 28
1542 3366 1559 3396 ‚
1577 3332 1661 3380 cui
1682 3332 1937 3396 religiosus
1960 3336 2197 3395 tanquam
2218 3330 2484 3395 diligenter

454 3424 728 3469 retractan-
749 3418 853 3467 sive
871 3418 1095 3481 mleque
1112 3452 1131 3481 ‚
1158 3433 1274 3481 qun
1291 3418 1355 3468 ad
1376 3420 1571 3469 cultum
1591 3420 1821 3472 deorum.
1837 3420 1914 3470 Cf.
1934 3425 1988 3471 et
2006 3421 2135 3470 Gen.
2157 3419 2191 3470 4
2209 3456 2225 3484 ,
2253 3420 2305 3469 9.
2321 3420 2485 3471 Reve-

453 3511 625 3560 rentiae
644 3547 661 3574 ‚
684 3513 945 3572 metusque
966 3507 1036 3573 pii
1053 3513 1104 3558 et
1122 3507 1374 3557 anxietatis
1391 3543 1410 3573 ,
1436 3509 1537 3559 sivo
1563 3508 1786 3576 scrupuli
1804 3547 1821 3575 ,
1852 3510 2108 3561 notionem
2130 3510 2244 3560 voci
2285 3510 2445 3559 inesse
2463 3545 2485 3575 2

457 3615 574 3648 usus
596 3596 831 3663 loquendi
862 3596 1040 3660 arguit.

546 3737 695 3803 230.
745 3738 952 3819 Quare
986 3738 1196 3802 neutri
1226 3736 1475 3803 illorum
1502 3739 1609 3805 hic
1638 3751 1872 3806 temere
1915 3739 2294 3806 credendum
2321 3787 2339 3822 ‚
2388 3749 2485 3805 at·
2530 3795 2534 3809 ,

458 3870 579 3935 que
623 3872 696 3914 eo
742 3853 987 3936 minute,
1033 3851 1327 3939 quoniam
1367 3874 1494 3916 non
1538 3852 1722 3917 modo
1771 3853 1934 3919 inter
1979 3876 2044 3919 se
2087 3850 2258 3918 haud
2305 3875 2481 3937 raro,

456 3983 670 4027 verum
702 3963 781 4029 ab
807 3966 943 4032 aliis
978 3966 1319 4052 plurimum
1362 3964 1708 4053 discrepant
1752 3969 1820 4032 in
1857 3966 2071 4033 eodem
2116 3979 2483 4057 argumento

452 4076 871 4165 investigando
908 4083 1188 4169 versatis;
1216 4104 1340 4171 quo
1381 4084 1634 4149 nomine
1669 4106 1814 4151 cum
1857 4084 2066 4150 multis
2093 4082 2478 4150 memorandi
