3111 4829
1375 397 1631 484 (29⁵)

342 573 350 580 -
483 530 764 617 quamvis
782 531 921 618 lege
946 531 1130 598 vetito
1161 531 1633 621 peregrinorum
1659 535 1997 601 numinum
2020 537 2194 603 cultu
2216 535 2323 628 (ς.
2350 539 2459 605 79.
2464 535 2516 627 ),

489 655 696 712 tamen
714 693 735 729 ‚
794 645 1033 733 quoties
1081 667 1121 713 e
1166 645 1484 794 republica
1518 645 1875 734 videretur,
1915 647 2082 718 haut
2112 671 2278 738 aegre
2306 649 2516 718 intro-

492 759 820 828 duxerunt·-

585 875 704 940 His:
739 873 819 941 de
850 875 1279 942 Romanorum
1321 874 1623 964 religione
1647 874 2120 961 animadversis,
2144 888 2516 964 argumento

499 988 920 1060 voluminibus
968 989 1298 1057 sufficienti
1324 1038 1342 1075 ,
1389 1003 1693 1078 quantum
1736 991 2041 1079 proposito
2087 1001 2292 1057 nostro
2332 991 2473 1057 satis
2494 1039 2516 1075 ,

489 1104 879 1170 immoratuni
896 1153 919 1189 ‚
956 1103 1066 1188 iis,
1105 1125 1252 1191 quae
1295 1102 1559 1171 dicenda
1601 1114 1970 1191 supersunt,
2006 1102 2296 1189 nomina,
2329 1104 2519 1170 attri-

485 1216 637 1294 buta
675 1217 1042 1305 cultumque
1083 1216 1376 1303 deorum,
1426 1216 1765 1286 sacerdotes
1802 1239 2145 1306 eorumque
2170 1216 2517 1300 ministros,

488 1331 624 1397 loca
663 1330 847 1416 item,
888 1331 1297 1400 instrumenta
1344 1333 1624 1420 ritusque
1664 1353 1913 1408 sacros,
1960 1331 2115 1399 feste
2147 1329 2420 1421 denique
2455 1340 2518 1395 et

486 1443 668 1510 ludos
691 1465 1154 1533 persequemur.

558 1604 925 1673 1)cr.1.tv.,s
957 1604 1018 1658 ει
1043 1620 1122 1672 oq.

1140 1780 1219 1825 nn
1276 1779 1397 1828 uns
1441 1776 1863 1826 somnam.
1970 1831 1975 1834 ,

579 1920 730 1987 282.
780 1921 1190 1991 Vetustissimi
1240 1904 1510 1988 Romani
1553 1930 1770 1985 utrum
1817 1920 1995 2007 plura
2040 1920 2299 1985 numina
2318 1967 2339 2006 ,
2390 1943 2471 1987 an
2494 1967 2516 2006 ,

483 2032 654 2120 quod
689 2033 1046 2101 Beaufortio
1074 2034 1342 2122 placuit,
1371 2032 1487 2098 sub
1527 2034 1708 2099 variis
1736 2033 2096 2099 nominibus
2125 2055 2328 2098 unum
2368 2055 2516 2099 cnm

487 2147 622 2213 aliis
642 2196 660 2232 ,
691 2149 852 2214 inter
878 2172 1032 2237 quos
1063 2148 1454 2230 crescebant,
1489 2147 1731 2233 populis
1756 2148 2105 2232 coluerint,
2142 2146 2518 2213 doctioribus

463 2257 669 2347 *porro
746 2260 1241 2349 investigandum
1328 2259 1757 2345 relinquimus.
1836 2258 2002 2325 Illud
2081 2260 2301 2348 utique
2372 2281 2519 2326 vero

487 2374 839 2462 proximum
918 2373 1161 2440 videtur
1182 2391 1210 2459 ,‘
1255 2371 1621 2438 Graecorum
1698 2369 1960 2437 deorum
2007 2372 2261 2460 agmina
2315 2380 2523 2460 poste-

486 2489 616 2554 rius
653 2489 843 2555 fuisse
895 2487 1264 2555 introducta.
1304 2487 1533 2553 Praeter
1583 2485 1799 2554 Groeca
1835 2497 2083 2572 autem,
2118 2486 2202 2552 ab
2247 2496 2519 2554 extremo

486 2604 823 2688 praesertim
871 2604 1169 2670 libertatis
1208 2614 1482 2690 tempore
1524 2611 1589 2665 et
1630 2600 1748 2665 sub
1785 2600 2127 2667 Caesaribus
2148 2648 2170 2686 ‚
2206 2601 2405 2666 multa
2444 2623 2519 2666 ex

484 2717 921 2804 AEgyptiornm
943 2766 963 2803 ,
1005 2719 1300 2807 Syrorum
1322 2766 1341 2800 ,
1369 2716 1758 2804 aliorumque
1786 2716 1950 2780 Asiae
1973 2715 2345 2802 populorum
2367 2713 2520 2779 reli-

486 2832 670 2918 gione
705 2837 923 2902 Romae
955 2834 1379 2899 inveniuntur.
1423 2835 1551 2903 Nec
1590 2832 1802 2896 minus
1829 2853 1985 2897 nova
2011 2853 2207 2918 usque
2228 2830 2346 2916 ipsi
2373 2830 2520 2896 Ro-

483 2946 691 3029 mani,
723 2956 862 3010 tum
889 2946 1039 3011 alias
1060 2993 1079 3029 ,
1111 2943 1485 3035 quandoque
1524 2945 1830 3012 levissima
1866 2946 2187 3011 occasione
2224 2955 2470 3010 utentes
2498 2994 2520 3030 ,

485 3068 892 3142 creaverunt,
930 3068 1067 3122 tum
1117 3058 1313 3123 animi
1362 3058 1576 3140 dotes,
1630 3058 1925 3141 virtutes,
1974 3057 2163 3139 vitia,
2227 3054 2519 3138 morbos,

483 3170 715 3254 fatum,
758 3181 822 3234 et
872 3191 1018 3257 quae
1057 3181 1202 3236 sunt
1262 3169 1571 3255 ejusmodi
1622 3171 1934 3257 plurima,
1993 3170 2188 3256 ipsam
2243 3169 2519 3256 denique

485 3283 756 3356 Romam
805 3282 835 3373 (
853 3288 915 3373 ς.
950 3286 1059 3350 39.
1088 3280 1122 3372 )
1152 3284 1280 3348 aris
1314 3284 1682 3371 templisque
1710 3286 2058 3349 coluerunt.
2090 3284 2256 3349 Hinc
2285 3284 2521 3351 trifaria

490 3397 826 3464 numinum
875 3396 1093 3464 divisio
1113 3445 1134 3482 ,
1170 3420 1296 3486 qua
1343 3398 1658 3485 indigenas
1694 3399 2125 3465 Romanorum
2177 3397 2301 3483 dii,
2352 3409 2522 3465 certe

483 3512 886 3601 antiquiores,
931 3536 969 3579 a
1011 3494 1354 3601 peregrinis
1379 3563 1398 3596 ,
1448 3515 1697 3601 utrique
1734 3514 1815 3580 ab
1862 3513 1937 3577 iis
1957 3563 1975 3598 ,
2027 3534 2170 3601 quae
2214 3522 2518 3600 postremo

481 3626 615 3691 loco
642 3627 1119 3693 memoravimus
1137 3674 1156 3712 ,
1181 3627 1546 3694 numinibus
1574 3626 2064 3715 distinguuntur.

572 3740 646 3803 ln
679 3741 1139 3829 Antiquissimis
1178 3744 1609 3808 Romanorum
1652 3738 1768 3805 diis
1790 3789 1809 3823 ‚
1854 3761 2009 3827 quos
2047 3761 2180 3806 non
2207 3764 2244 3806 a
2283 3739 2518 3807 Graecis

482 3854 749 3919 mutuati
773 3902 791 3938 ,
831 3866 1124 3921 caeterum
1156 3877 1302 3919 cum
1330 3855 1549 3920 vicinis
1582 3854 1824 3941 populis
1847 3875 2212 3919 communes
2229 3854 2518 3921 habuisse

482 3966 809 4053 videntur,
850 3972 1138 4056 ponimus
1186 3970 1588 4051 Terminum,
1641 3968 1914 4035 Consum
1939 4016 1957 4053 ,
2008 3967 2199 4035 Dium
2230 3968 2516 4056 Fidium,

371 4106 375 4110 ·
481 4078 822 4162 Quirinum
852 4093 913 4148 et
932 4083 1180 4150 Janum.
