3111 4829
1310 408 1568 490 (315)

469 555 472 558 ’
513 546 663 608 311.
713 544 1091 610 Vertumnus
1132 540 1247 632 (ab
1280 562 1443 608 anno
1488 552 1798 625 vertente,
1833 543 1914 608 ab
1938 565 2121 609 amne
2157 566 2326 609 verso
2349 594 2368 626 ‚
2411 571 2450 614 a

426 659 732 724 mercibus
753 655 1053 721 vertendis
1084 653 1146 743 1)
1165 705 1182 739 ‚
1203 667 1377 722 vetus
1400 667 1460 721 et
1481 655 1586 721 hic
1608 657 1903 722 Italorum
1929 655 2447 756 (Etruscorum?)

426 794 663 837 numen
684 822 701 856 ,
740 773 888 836 anni
914 769 1403 836 vicissitudinum
1421 819 1438 853 ‚
1462 781 1522 834 et
1542 771 1623 836 ab
1656 770 1730 835 iis
1753 769 2155 856 pendentium
2176 771 2451 858 agricul-

423 898 580 951 turae
616 898 676 951 et
696 886 1014 951 hortorum
1030 934 1049 970 ,
1075 885 1417 951 secundum
1439 884 1733 973 quosdam
1757 895 1818 949 et
1839 896 2198 950 mercaturae
2219 884 2445 954 mode-

426 1011 613 1086 rator,
637 1001 888 1064 omnino
912 1011 1145 1064 natnrae
1171 1010 1462 1088 perpetuo
1495 997 1778 1064 variantis
1803 998 2039 1084 imag03
2065 997 2230 1061 unde
2254 1021 2323 1062 va
2335 999 2450 1061 rias

428 1135 623 1200 usque
642 1162 658 1195 ,
681 1113 1039 1176 Graecorum
1062 1113 1265 1182 Protei
1287 1113 1476 1177 instar
1493 1162 1510 1194 ,
1531 1111 1762 1199 figuras
1782 1111 2042 1177 induere
2065 1112 2446 1186 credebatur.

423 1228 646 1290 Romae
675 1229 976 1312 templum
1005 1225 1271 1292 habebat
1294 1228 1359 1291 in
1397 1226 1530 1292 vico
1552 1227 1749 1291 Tusco
1777 1223 1866 1314 2).
1891 1228 1973 1293 Ut
1992 1227 2244 1313 agrestis
2265 1226 2415 1294 deus
2434 1273 2454 1310 ,

424 1337 574 1401 alias
618 1361 879 1426 superne
919 1340 1125 1404 nudus
1149 1340 1531 1426 fingebatur,
1564 1341 1632 1404 in
1667 1341 1867 1424 capite
1908 1362 2197 1406 coronam
2222 1339 2459 1426 grami-

424 1472 606 1516 neam
621 1500 638 1535 ‚
660 1453 948 1516 manibus
971 1454 1208 1517 fructus
1233 1464 1340 1517 aut
1364 1453 1788 1539 cornucopiae,
1820 1454 1966 1518 alias
1992 1465 2145 1519 tecto
2168 1477 2422 1542 corpore
2437 1504 2456 1538 ,

428 1564 608 1647 spicis
643 1575 1006 1648 coronatus,
1045 1567 1112 1629 in
1145 1577 1316 1652 tergo
1353 1568 1579 1653 pellem
1623 1567 1925 1651 ferinam,
1968 1589 2161 1644 manu
2183 1569 2456 1632 cultrum

425 1677 805 1761 putatorium
847 1678 1068 1743 serens.
1097 1680 1429 1746 Vertumni
1471 1704 1621 1746 uxor
1664 1683 1933 1754 Pomona
1977 1680 2045 1769 3)
2070 1730 2088 1765 ,
2133 1680 2402 1769 nympha
2429 1728 2450 1764 ‚

424 1789 745 1870 hortorum
774 1802 836 1855 et
873 1792 1308 1878 frugiferarum
1351 1794 1645 1858 arborum
1671 1795 1846 1860 cultu
1885 1793 2159 1881 gaudens
2179 1842 2196 1877 ,
2219 1815 2406 1879 quam
2432 1840 2450 1875 ‚

427 1903 547 1967 sub
568 1926 724 1968 anus
744 1905 945 1989 specie
970 1904 1281 1991 decipiens
1301 1955 1318 1989 ,
1347 1907 1546 1972 subito
1570 1908 1638 1971 in
1654 1907 1950 1991 juvenem
1977 1918 2277 1986 mutatus,
2303 1906 2452 1970 votis

427 2017 752 2082 obnoxiam
798 2017 1038 2085 habuit.
1093 2021 1376 2107 Pingitur
1421 2022 1661 2086 circum
1713 2043 1917 2086 comas
1978 2032 2039 2084 et
2081 2021 2147 2083 in
2191 2030 2451 2105 utraque

433 2152 625 2196 manu
654 2133 899 2195 fructus'
917 2154 1133 2217 gerens
1157 2182 1174 2216 ,
1202 2132 1383 2197 modo
1407 2135 1616 2198 vestita
1634 2182 1656 2218 ,
1680 2133 1861 2200 modo
1885 2132 2052 2197 nuda
2078 2180 2097 2214 ,
2117 2131 2321 2196 arbori
2342 2154 2459 2197 ao-

437 2244 616 2307 clinis
630 2294 647 2327 ,
672 2245 974 2329 suspensis
994 2245 1061 2316 in
1083 2244 1268 2309 corbe
1288 2246 1611 2312 fructibus.

503 2402 824 2471 1)Cs.Prop.
839 2403 904 2471 4,
926 2405 988 2471 2,
1005 2405 1096 2472 10,
1123 2405 1266 2456 Ovid.
1287 2407 1434 2460 Faaee.
1457 2407 1518 2473 6,
1552 2405 1670 2461 41⁰.
1689 2436 1749 2446 —
1769 2406 1922 2472 2201.
1940 2406 2062 2463 Hm·-
2080 2406 2259 2472 Epioe.
2281 2403 2341 2468 1,
2360 2400 2429 2455 2⁰
2445 2437 2459 2466 ‚

437 2495 493 2555 1,
514 2523 576 2533 -
593 2495 647 2562 s)
670 2495 748 2544 cr.
769 2495 912 2546 ovid.
932 2496 1064 2549 Met.
1086 2495 1177 2561 1⁴,
1201 2496 1317 2547 aas.

530 2607 684 2680 312.
732 2613 904 2680 Pales
940 2610 1057 2703 (cf.
1100 2634 1352 2699 parere,
1400 2614 1641 2699 palare,
1680 2609 1845 2701 τέο)
1881 2634 2112 2683 numen
2146 2611 2354 2698 pabuli
2404 2622 2467 2677 et

438 2736 747 2813 pastorum
792 2722 889 2815 (§.
933 2729 1038 2790 38.
1058 2723 1085 2812 )
1104 2772 1122 2808 ,
1171 2726 1463 2815 gregibus
1512 2726 1721 2791 tabem
1766 2737 1828 2793 et
1876 2728 2035 2793 feras
2084 2747 2298 2797 arcens
2339 2724 2371 2787 1
2393 2720 2465 2817 )·,

438 2839 606 2905 idem
633 2839 767 2903 aliis
791 2837 1191 2913 foemininum
1213 2888 1231 2922 ,
1255 2840 1388 2903 aliis
1410 2841 1752 2913 masculum
1772 2863 1790 2923 3
1818 2850 2110 2904 caeterum
2131 2887 2148 2920 ,
2167 2835 2469 2924 quando-‘-

443 2974 566 3041 que
602 2963 779 3018 terrae
814 2953 1252 3038 omniparentis
1277 2953 1527 3019 notione
1558 2951 1984 3045 nobilitatum,
2009 2973 2156 3017 cum
2178 2951 2363 3019 Vesta
2402 2961 2468 3015 et

445 3065 671 3154 Cybele
709 3066 1056 3130 confusum.
1104 3067 1278 3131 Flora
1298 3112 1317 3148 ,
1347 3087 1494 3129 cum
1540 3065 1901 3133 Graecorum
1948 3062 2158 3129 Chlori
2188 3060 2255 3152 2)
2284 3084 2469 3127 com—-

446 3190 653 3267 parata
674 3228 691 3262 ,
720 3179 973 3265 segetis,
1010 3178 1300 3244 arborum
1340 3179 1601 3267 vitisque
1628 3178 1930 3262 florentis,
1960 3177 2215 3243 omnino
2243 3176 2472 3243 florum

449 3296 562 3362 dea
600 3292 669 3382 3)
693 3341 712 3376 ,
755 3303 931 3357 terrae
970 3291 1243 3357 florentis
1274 3313 1463 3379 regno
1489 3314 1526 3356 a
1567 3291 1845 3380 Zephyro
1882 3290 2101 3359 donata
2128 3337 2146 3371 ,
2172 3291 2321 3379 qui,
2354 3290 2472 3355 su-

385 3398 394 3410 ’
446 3402 728 3499 gientem⁸
759 3416 1098 3488 assecutuS,
1126 3428 1376 3471 uxorem
1419 3405 1613 3473 duxit.
1660 3407 1915 3483 Cultum
1955 3404 2091 3487 ejus
2125 3404 2389 3473 Romam
2433 3426 2473 3469 a

346 3508 359 3519 ⁸
447 3526 618 3590 Tatio
644 3520 1004 3587 translatum
1027 3518 1334 3601 ferebant3
1360 3518 1654 3583 festorum
1677 3516 1704 3607 (
1713 3517 1847 3585 ludi
1871 3516 2131 3587 Florales
2147 3565 2163 3598 ,
2178 3511 2472 3603 floralia)

450 3635 772 3724 singularis
807 3632 1049 3699 lascivia
1087 3628 1189 3721 4);
1214 3632 1446 3719 effigies
1482 3642 1572 3697 est
1593 3631 1886 3716 juvenilis
1908 3680 1924 3713 ,
1946 3630 2206 3709 floribus
2235 3640 2467 3697 ornata.

449 3748 618 3813 Inter
637 3749 876 3836 reliqua
903 3746 1238 3834 agrestium
1264 3746 1528 3821 numina
1553 3748 1909 3823 referuntur
1937 3744 2078 3839 Seja
2097 3793 2113 3826 ,
2140 3743 2425 3811 frutelina
2451 3791 2470 3826 ,

454 3862 719 3944 Matura,
743 3862 910 3925 Deus
938 3863 1142 3942 Sator,
1164 3860 1387 3924 Insitor
1403 3907 1422 3942 ,
1445 3858 1728 3943 Occator,
1751 3857 2137 3943 Stercucius,
2162 3856 2477 3944 Robigus,

456 3973 697 4039 Messor.
745 3975 1029 4062 Denique
1071 3973 1451 4060 adjiciuntur
1501 3972 1793 4061 nymphae
1841 3971 2147 4057 Oreades,
2201 3972 2436 4058 Napaeae
2460 4018 2478 4052 ‚

454 4085 723 4172 Dryades
746 4133 765 4169 ,
803 4085 1254 4175 Hamadryades
1276 4135 1295 4171 ,
1333 4097 1394 4151 et
1424 4086 1476 4150 si
1511 4106 1653 4173 quae
1692 4086 1845 4151 alite.
