3111 4829
1395 461 1582 544 (397
1619 457 1643 539 )

499 680 2516 724 m

1076 892 1352 959 SEGTIO
1400 896 1482 962 11.
1584 889 1842 958 CAPUT
1891 889 1944 954 1.

1261 1104 1784 1152 ψ-

562 1419 565 1424 ,
597 1331 749 1397 396.
784 1323 1176 1416 ¹Propositam
1204 1328 1402 1415 operis
1425 1327 1613 1390 nostri
1641 1325 1935 1389 rationem
1958 1332 2308 1407 sequentes,
2330 1320 2534 1405 priore

505 1445 698 1530 hujus
736 1445 1018 1509 sectionis
1059 1442 1257 1528 capite
1296 1440 1569 1504 indolem
1608 1441 2029 1504 Romanorum
2050 1484 2067 1518 ,
2111 1432 2348 1519 ingenii
2385 1432 2536 1496 cul-

501 1569 707 1623 turam
726 1608 743 1642 ,
773 1559 1000 1622 litteras
1021 1606 1038 1640 ,
1082 1554 1432 1641 disciplinas
1455 1563 1735 1638 artesque
1760 1599 1777 1633 ,
1801 1547 2070 1614 secundo
2094 1568 2294 1610 mores
2315 1556 2375 1608 et
2401 1544 2535 1608 vitae

507 1668 851 1735 domesticae
874 1665 1386 1734 consuetudinem
1408 1657 1898 1749 complectimur.

852 1856 960 1901 *DE
1005 1852 1231 1896 mons
1275 1851 1412 1896 SIVE
1456 1847 1715 1893 mamm
1759 1835 2178 1894 nomauomm'.

599 2000 839 2064 Italiam
863 2046 882 2081 ,
930 1987 1054 2082 quo
1098 2005 1374 2080 tempore
1424 1994 1627 2057 Roma
1683 1992 1878 2055 fertur
1922 1988 2204 2072 condita,
2248 1988 2542 2074 plurimas

509 2117 672 2178 iuter
714 2109 992 2174 nationes
1024 2108 1206 2172 variae
1248 2105 1507 2191 originis
1547 2103 1802 2168 divisam
1825 2150 1842 2185 ,
1882 2103 2237 2167 inferiorern
2279 2104 2544 2169 maxime

514 2224 743 2288 Graecis
774 2222 1028 2287 coloniis
1055 2229 1415 2303 occupatam
1437 2218 1750 2281 cernimus
1762 2216 1848 2306 (§.
1883 2215 2014 2302 15.)
2046 2216 2122 2278 In
2145 2215 2262 2296 his,
2284 2214 2446 2301 quod
2467 2213 2546 2278 ad

516 2338 839 2402 cultiorem
880 2331 1158 2399 moribus
1188 2332 1531 2419 litterisque
1561 2341 1623 2394 et
1646 2330 1878 2394 artibus
1897 2330 2083 2393 vitam
2109 2377 2126 2412 ,
2163 2329 2365 2392 Graeci
2389 2330 2548 2393 reli—

517 2453 656 2540 quis
681 2501 699 2537 ,
741 2451 1020 2534 Etrusci,
1065 2469 1205 2537 quae
1260 2471 1404 2515 sane
1455 2447 1784 2512 hominum
1848 2445 2336 2510 doctissimorum
2393 2466 2549 2530 per-
2613 2424 2618 2432 ι

518 2567 714 2633 suasio
745 2563 840 2653 1),
865 2562 1155 2629 omnibus
1177 2563 1518 2650 praestitisse
1541 2559 1850 2625 videntur.
1877 2560 2078 2645 Ipsius
2099 2570 2307 2623 autem
2330 2561 2550 2624 Romae

512 2682 701 2769 primi
750 2682 966 2746 incolae
989 2729 1006 2764 ,
1057 2679 1188 2744 sive
1238 2676 1354 2741 sub
1397 2675 1541 2762 ipsis
1595 2674 1827 2758 initiis,
1870 2684 1941 2736 ut
1982 2674 2252 2761 vulgaris
2300 2673 2549 2759 opinio,

513 2796 903 2884 praedonibus
943 2806 1004 2859 et
1045 2793 1308 2879 pessimo
1354 2811 1604 2879 quoque
1641 2788 1847 2871 aucti,
1887 2788 2009 2852 sive
2033 2787 2345 2853 honestior
2368 2788 2550 2853 turba

514 2910 616 2999 (§.
660 2906 807 2997 40.)
834 2958 852 2991 ,
883 2909 1209 2992 statimque
1239 2905 1491 2968 Etrusca
1513 2906 1652 2988 lege
1678 2903 1859 2988 polita
1882 2898 1992 2989 2),
2023 2898 2316 2965 moribus
2340 2900 2450 2964 diu
2487 2912 2550 2965 et

513 3023 805 3085 institutis
830 3019 1094 3103 horridi,
1131 3020 1476 3082 litterarum
1496 3017 1848 3101 artiumque
1871 3012 2094 3098 rudes,
2120 3014 2375 3079 omnino
2399 3016 2553 3080 cul-

513 3135 685 3200 tioris
728 3134 867 3198 vitae
905 3133 1066 3199 bona
1110 3133 1462 3218 ignorantes
1504 3129 1948 3212 inveniuntur3
1993 3127 2181 3216 idque
2224 3151 2371 3194 cum
2417 3131 2551 3194 aliis

515 3248 760 3313 indiciis
778 3246 1205 3333 cognoscimus
1230 3293 1247 3327 ,
1282 3255 1419 3310 tum
1444 3243 1666 3329 ¹primis
1692 3242 1943 3307 illorum
1967 3241 2203 3327 seriptis
2223 3240 2553 3306 ordinum-

514 3385 637 3450 que
673 3383 972 3426 consensu
1011 3361 1197 3446 jussis
1235 3359 1516 3445 legibus,
1554 3359 1674 3425 XII
1720 3356 2009 3439 Tabulis,
2054 3378 2232 3443 quae,
2274 3357 2553 3444 quamvis

517 3478 712 3542 tribus
751 3488 881 3561 post
926 3475 1144 3539 urbem
1186 3473 1497 3538 conditam
1538 3472 1775 3535 saeculis
1811 3472 2201 3556 compositae,
2238 3471 2551 3535 ferocioris

516 3602 743 3675 status,
785 3592 951 3655 velut
1001 3590 1067 3652 in
1123 3590 1314 3675 patria
1373 3598 1663 3673 potestate
1710 3596 1771 3650 et
1814 3585 1879 3648 in
1932 3585 2281 3650 debitorum
2324 3584 2554 3648 addic-

516 3706 682 3771 tione
705 3705 732 3797 (
746 3709 803 3792 §.
832 3701 985 3791 72.)
1010 3754 1026 3787 ,
1051 3704 1246 3768 multa
1287 3702 1538 3787 vestigia
1569 3700 1908 3773 servabant.
1944 3699 2071 3764 Nec
2091 3722 2234 3763 vero
2257 3697 2554 3763 audiendi

520 3831 702 3901 suut,
742 3821 850 3905 qui
878 3869 894 3902 ,
936 3817 1299 3905 Dionysium
1328 3816 1860 3879 Halicarnasseum
1903 3812 2007 3878 hic
2050 3813 2413 3898 probantes,
2437 3813 2552 3880 sub

518 3933 648 4017 ipso
674 3932 998 3998 fundatore
1023 3932 1119 3997 vix
1152 3953 1276 3994 non
1301 3929 1549 4017 egregie
1573 3929 1964 3993 constitutam
1989 3926 2103 3991 sibi
2126 3930 2551 3993 Romanorum

515 4046 823 4111 civitatem
848 4098 865 4131 ,
918 4059 978 4113 et
1030 4046 1480 4133 rempublicam
1532 4042 1882 4130 perfectiori
1941 4043 2156 4108 formae
2202 4043 2551 4131 propiorem

462 4220 467 4225 .
515 4160 765 4247 fingunt
798 4159 890 4248 3).
