3111 4829
1278 425 1487 508 (11)

375 580 614 646 quoque
636 570 698 624 et
723 558 941 646 Belgas
968 556 1343 644 Batavosque
1364 561 1695 645 complexa.
1733 564 1807 625 In
1852 584 1924 628 ea
1944 563 2207 632 flumina
2237 561 2386 635 Ga-n'
2469 578 2472 581 ’

369 692 588 737 rumna
611 723 629 756 ‚
668 674 850 759 Liger
875 680 899 763 (
921 673 1130 758 Loire)
1156 719 1173 754 ,
1203 672 1483 759 Sequana
1512 684 1575 737 et
1612 675 1875 759 Scaldis,
1923 678 1989 741 in
2027 701 2331 747 oceanum
2359 733 2379 767 ‚

369 784 710 854 Rhodanus
729 835 748 870 ,
808 789 999 852 Arare
1034 783 1311 871 (Satine)
1358 798 1601 874 recepto
1618 837 1635 871 ,
1693 790 1759 852 in
1800 811 1970 856 mare
2009 794 2382 861 mediterra-

362 921 552 966 neum
574 953 592 986 ‚
622 903 862 968 Mosella
892 903 959 966 in
981 899 1281 966 Rhenum
1301 946 1326 977 ,
1353 901 1620 966 Galliam
1651 926 1688 968 a
1718 903 2056 972 Germania
2086 907 2375 974 dividen—

364 1023 486 1078 tem
508 1064 529 1097 ,
569 1016 732 1080 Mosa
754 1063 773 1098 ‚
808 1013 1063 1097 Vahali‚
1105 1013 1319 1078 Rheni
1348 1026 1554 1099 parte,
1596 1026 1775 1081 aucta
1819 993 1885 1080 in
1917 1040 2220 1085 oceanum
2265 1021 2383 1085 in·-

363 1128 577 1193 fluens.
611 1129 783 1194 Inter
809 1129 1050 1192 minora
1076 1128 1351 1192 Matrona
1376 1176 1394 1209 ‚
1423 1129 1588 1193 Isara
1610 1152 1666 1193 v.
1703 1128 1850 1195 Osia
1874 1141 1900 1219 (
1920 1129 2117 1222 Oiee)
2144 1181 2162 1214 ‚
2205 1134 2385 1199 Sabis

362 1237 677 1334 (Samhre
702 1239 728 1328 )
764 1290 782 1323 ‚
834 1241 1137 1306 Druentia
1160 1290 1178 1323 ‚
1241 1241 1551 1306 Meduana
1608 1240 1971 1329 (Mayenm
1996 1241 2045 1332 ).
2102 1245 2337 1311 Montes
2361 1296 2383 1329 ,

369 1366 586 1441 praeter
619 1355 807 1440 Alpes
844 1366 906 1418 et
932 1355 1303 1442 Pyrenaeum
1327 1403 1346 1437 ‚
1379 1357 1527 1419 Jura
1547 1403 1566 1436 ,
1610 1356 1888 1441 Vogesus
1906 1368 1968 1421 et
2008 1357 2298 1427 Cebenna
2318 1383 2383 1428 v.

364 1466 685 1531 Cebenna.
714 1466 922 1531 Partes
949 1466 1165 1531 Galliae
1181 1467 1490 1551 primariae
1508 1466 1710 1533 Gallia
1727 1469 2137 1535 Narbonensis
2160 1473 2383 1561 (brac-

356 1590 486 1644 cata
506 1628 525 1661 ,
546 1579 861 1664 provincia
878 1585 903 1666 )
919 1579 1082 1643 inter
1110 1578 1486 1665 Cisalpinam
1505 1629 1522 1663 ,
1547 1579 1904 1646 Cebennam
1926 1594 1988 1647 et
2010 1584 2336 1671 Pyrenaeos
2357 1638 2378 1672 ‚

355 1693 423 1756 in
466 1715 588 1780 qua
628 1691 985 1780 Allobroges
1004 1741 1022 1776 ‚
1058 1693 1269 1762 Volcae
1292 1741 1310 1778 ,
1347 1694 1551 1780 Salyes
1574 1744 1591 1778 ,
1634 1696 1908 1761 civitates
1952 1698 2152 1762 Narbo
2174 1747 2192 1782 ‚
2236 1700 2375 1764 To—

352 1806 475 1871 losa
496 1855 514 1890 ‚
539 1806 880 1873 Nemausus
904 1802 1221 1896 (Nimee)
1249 1856 1267 1891 ‚
1300 1809 1600 1890 Massilia,
1626 1810 1873 1878 Vienna
1896 1834 1914 1894 3
1943 1810 2144 1877 Gallia
2169 1811 2377 1899 Aqui-

357 1920 557 1985 tanica
573 1968 591 2003 ,
638 1920 798 1985 inter
844 1920 1211 2009 Pyrenaeum
1262 1932 1325 1986 et
1376 1923 1649 2009 Ligerim
1677 1974 1696 2007 ,
1747 1925 1816 1991 in
1865 1948 1987 2014 qua
2042 1926 2381 2015 Aquitani,

356 2035 680 2118 Santones,
708 2036 984 2101 Pictones
1004 2083 1023 2111 ,
1046 2036 1355 2122 Bituriges
1375 2086 1392 2121 ,
1422 2039 1725 2120 Arverni,
1752 2038 2047 2124 Cadurci,
2074 2042 2377 2109 Lemovi-

354 2171 453 2215 ces
469 2198 487 2235 ,
513 2150 697 2216 urbes
714 2149 1059 2239 Burdegala
1080 2149 1518 2237 (Bm-deauco)
1536 2200 1555 2233 ‚
1575 2151 1992 2223 Mediolanum
2017 2152 2333 2242 (Saintes)
2353 2183 2376 2220 ι

354 2264 683 2329 Limonum
710 2264 1123 2353 (Poiu’ere),
1162 2264 1641 2348 Augustoritum
1671 2263 2055 2352 (Limoqee)
2081 2314 2099 2347 ‚
2135 2267 2375 2335 Divona

355 2384 380 2466 (
401 2378 693 2463 Cohors)
714 2424 735 2454 ,
751 2371 1170 2443 Climberrum
1195 2373 1414 2462 (Auel.
1434 2378 1493 2461 );
1517 2375 1718 2442 Gallia
1736 2375 2167 2463 Lugdunensis
2189 2392 2212 2467 (
2238 2382 2380 2454 Cel-2

346 2491 541 2574 tica),
579 2492 742 2555 inter
760 2491 1033 2577 Ligerim
1055 2539 1072 2573 ,
1102 2491 1448 2582 Sequa-nam
1477 2500 1540 2554 et
1562 2489 1806 2555 Ararim
1831 2540 1849 2573 ‚
1883 2493 1952 2556 in
1978 2515 2100 2581 qua
2125 2494 2392 2584 AEduij

341 2605 672 2693 Lingones,
701 2606 1001 2671 Tricasses
1017 2654 1035 2687 ‚
1050 2605 1279 2692 „Parisii
1294 2652 1312 2686 ‚
1335 2605 1608 2669 Senones
1633 2603 1931 2671 Carnutes
1948 2656 1967 2690 ,
1987 2610 2376 2698 Cenomani,

345 2719 635 2785 Redones
656 2766 674 2803 ,
704 2718 931 2786 Veneti
950 2767 969 2802 ,
990 2718 1173 2784 urbes
1190 2717 1610 2805 Lugdunum»,
1633 2719 2160 2807 Augustodunum
2184 2729 2218 2806 (
2239 2723 2355 2791 Bi·-

207 2841 217 2856 ⁵
344 2833 549 2899 bracte
572 2849 605 2916 ,'
631 2831 907 2922 Auum)
932 2881 953 2915 ‚
989 2831 1191 2924 Alesia
1220 2831 1449 2917 (Aliae
1471 2880 1489 2915 ,
1508 2833 1719 2923 vicus)
1744 2883 1762 2918 ‚
1807 2835 1981 2900 Divio
2020 2835 2318 2925 (Diyon)
2345 2891 2366 2925 ,

344 2947 833 3012 Automatunum
871 2943 1244 3035 (Eanqree)
1270 2995 1288 3029 ‚
1328 2945 1773 3033 Augustobona
1813 2947 2139 3036 (Troyoe)
2162 3000 2179 3034 ,
2223 2952 2366 3018 Lu-

342 3061 488 3127 tetia
531 3061 1018 3150 (Parisiorum),
1076 3060 1493 3134 Mediolanum
1534 3060 1908 3143 (Evreux)
1927 3113 1945 3147 ‚
1983 3064 2366 3150 Rotomagus

345 3173 649 3260 (Rauen)
670 3177 1114 3262 ‚Noviomagus
1140 3179 1544 3264 (Ιιίιίαιιω),
1574 3175 1904 3243 Autricum
1925 3186 1948 3268 (
1969 3176 2325 3265 chartres)
2344 3227 2363 3262 ,

346 3288 671 3355 Genabum
720 3291 1062 3358 Aureliani.
1110 3292 1134 3373 (
1160 3291 1447 3356 Orle'ane
1470 3294 1503 3369 )
1529 3339 1547 3373 ,
1595 3291 2076 3357 Caesarodunum
2121 3302 2364 3381 (prope

349 3401 597 3484 Toum)
621 3453 640 3487 ,
668 3405 1052 3491 Juliomagus
1080 3402 1428 3494 (Anqere)
1452 3452 1471 3487 ,
1502 3404 1772 3472 Condate
1802 3403 2153 3492 (Rennee)
2179 3455 2197 3488 ‚
2233 3407 2363 3470 Da-

343 3515 660 3604 riorigum.
695 3519 897 3586 Gallia
922 3517 1174 3605 Belgica
1197 3567 1215 3600 ,
1236 3519 1398 3582 inter
1427 3518 1892 3587 Narbonensem
1922 3570 1939 3603 ‚
1968 3518 2361 3605 Lugdunen-
2405 3593 2408 3602 ι

345 3655 498 3710 sem,
518 3631 813 3699 Rhenum
837 3645 900 3699 et
910 3654 1101 3715 mare,
1130 3632 1491 3716 Helvetium,
1518 3645 1578 3698 et
1601 3635 1783 3699 initio
1805 3633 2088 3717 regiones
2113 3651 2363 3716 quoque

339 3749 425 3813 eis
448 3749 748 3816 Rhenum
764 3799 782 3833 ,
797 3753 865 3815 in
888 3752 1088 3836 iisque
1117 3748 1369 3814 Batavos
1389 3795 1408 3830 ‚
1433 3746 1966 3833 comprehendens
1990 3792 2007 3828 ‚
2030 3753 2164 3829 post
2187 3744 2360 3808 Ger-

340 3864 559 3929 maniae
599 3865 924 3950 superioris
965 3874 1027 3928 et
1068 3863 1381 3929 inferioris
1429 3863 1684 3928 nomine
1728 3860 1965 3925 divisas.
2010 3858 2084 3923 ln
2119 3858 2361 3944 populis

342 3975 595 4061 Morini,
623 3977 941 4043 Atrebates
964 4026 980 4058 ,
1006 3977 1329 4063 Ambiani,
1353 3980 1684 4042 Suessones
1711 3974 1930 4059 ,Remi
1954 4023 1972 4056 ,
2001 3975 2356 4057 Catalauni,

347 4089 528 4159 Leuci
555 4142 573 4179 ‚
605 4094 1047 4163 Mediomatrici
1074 4144 1091 4180 ‚
1123 4098 1408 4185 Treveri,
1440 4094 1675 4183 Tungri
1703 4094 2100 4177 (Eburones,
2133 4089 2365 4160 Adraa-⁶
