<?xml version="1.0" encoding="UTF-8"?>
<!DOCTYPE html PUBLIC "-//W3C//DTD XHTML 1.0 Transitional//EN"
    "http://www.w3.org/TR/xhtml1/DTD/xhtml1-transitional.dtd">
<html xmlns="http://www.w3.org/1999/xhtml" xml:lang="en" lang="en">
 <head>
  <title>
</title>
<meta http-equiv="Content-Type" content="text/html;charset=utf-8" />
  <meta name='ocr-system' content='tesseract 3.04.00' />
  <meta name='ocr-capabilities' content='ocr_page ocr_carea ocr_par ocr_line ocrx_word'/>
</head>
<body>
  <div class='ocr_page' id='page_1' title='image "./antiquitatesrom00dirkgoog_0421.png"; bbox 0 0 3111 4829; ppageno 0'>
   <div class='ocr_carea' id='block_1_1' title="bbox 1509 324 1765 412">
    <p class='ocr_par' dir='ltr' id='par_1_1' title="bbox 1509 324 1765 412">
     <span class='ocr_line' id='line_1_1' title="bbox 1509 324 1765 412; baseline 0 -23"><span class='ocrx_word' id='word_1_1' title='bbox 1509 324 1765 412; x_wconf 81' lang='lat'>(378)</span> 
     </span>
    </p>
   </div>
   <div class='ocr_carea' id='block_1_2' title="bbox 578 459 2671 1234">
    <p class='ocr_par' dir='ltr' id='par_1_2' title="bbox 578 459 2671 1234">
     <span class='ocr_line' id='line_1_2' title="bbox 578 459 2667 544; baseline 0 -15"><span class='ocrx_word' id='word_1_2' title='bbox 578 512 583 516; x_wconf 85' lang='lat'>-</span> <span class='ocrx_word' id='word_1_3' title='bbox 627 465 789 529; x_wconf 79' lang='lat' dir='ltr'><strong>xime</strong></span> <span class='ocrx_word' id='word_1_4' title='bbox 832 460 1333 544; x_wconf 80' lang='lat' dir='ltr'><strong>confluentibus3</strong></span> <span class='ocrx_word' id='word_1_5' title='bbox 1378 460 1482 525; x_wconf 89' lang='lat' dir='ltr'><strong>cui</strong></span> <span class='ocrx_word' id='word_1_6' title='bbox 1527 462 1693 525; x_wconf 88' lang='lat' dir='ltr'><strong>malo</strong></span> <span class='ocrx_word' id='word_1_7' title='bbox 1736 459 2083 526; x_wconf 85' lang='lat' dir='ltr'><strong>remedium</strong></span> <span class='ocrx_word' id='word_1_8' title='bbox 2127 459 2351 528; x_wconf 76' lang='lat' dir='ltr'><strong>frustra</strong></span> <span class='ocrx_word' id='word_1_9' title='bbox 2398 460 2667 529; x_wconf 72' lang='lat' dir='ltr'><strong>Caesares</strong></span> 
     </span>
     <span class='ocr_line' id='line_1_3' title="bbox 630 571 2671 664; baseline 0 -22"><span class='ocrx_word' id='word_1_10' title='bbox 630 577 1046 664; x_wconf 81' lang='lat' dir='ltr'><strong>quaesiverunt</strong></span> <span class='ocrx_word' id='word_1_11' title='bbox 1073 571 1162 663; x_wconf 89' lang='lat'><strong>5).</strong></span> <span class='ocrx_word' id='word_1_12' title='bbox 1199 577 1503 641; x_wconf 81' lang='lat' dir='ltr'><strong>Caeterum</strong></span> <span class='ocrx_word' id='word_1_13' title='bbox 1544 597 1671 639; x_wconf 90' lang='lat' dir='ltr'><strong>non</strong></span> <span class='ocrx_word' id='word_1_14' title='bbox 1717 576 1785 639; x_wconf 89' lang='lat' dir='ltr'><strong>in</strong></span> <span class='ocrx_word' id='word_1_15' title='bbox 1827 576 2153 662; x_wconf 83' lang='lat' dir='ltr'><strong>provinciis</strong></span> <span class='ocrx_word' id='word_1_16' title='bbox 2195 575 2379 642; x_wconf 88' lang='lat' dir='ltr'><strong>modo</strong></span> <span class='ocrx_word' id='word_1_17' title='bbox 2404 626 2423 662; x_wconf 91' lang='lat'><strong>,</strong></span> <span class='ocrx_word' id='word_1_18' title='bbox 2465 575 2576 643; x_wconf 85' lang='lat' dir='ltr'><strong>sed</strong></span> <span class='ocrx_word' id='word_1_19' title='bbox 2598 577 2671 642; x_wconf 87' lang='lat' dir='ltr'><strong>in</strong></span> 
     </span>
     <span class='ocr_line' id='line_1_4' title="bbox 627 687 2665 778; baseline 0.001 -23"><span class='ocrx_word' id='word_1_20' title='bbox 627 691 759 777; x_wconf 81' lang='lat' dir='ltr'><strong>ipsa</strong></span> <span class='ocrx_word' id='word_1_21' title='bbox 818 691 993 756; x_wconf 83' lang='lat' dir='ltr'><strong>ltalia</strong></span> <span class='ocrx_word' id='word_1_22' title='bbox 1035 700 1270 775; x_wconf 86' lang='lat' dir='ltr'><strong>partem</strong></span> <span class='ocrx_word' id='word_1_23' title='bbox 1315 688 1425 753; x_wconf 85' lang='lat' dir='ltr'><strong>soli</strong></span> <span class='ocrx_word' id='word_1_24' title='bbox 1452 687 1636 754; x_wconf 80' lang='lat' dir='ltr'><strong>baud</strong></span> <span class='ocrx_word' id='word_1_25' title='bbox 1681 689 1968 777; x_wconf 86' lang='lat' dir='ltr'><strong>exiguam</strong></span> <span class='ocrx_word' id='word_1_26' title='bbox 2026 691 2389 778; x_wconf 69' lang='lat' dir='ltr'><strong>reipublicae</strong></span> <span class='ocrx_word' id='word_1_27' title='bbox 2430 693 2665 777; x_wconf 83' lang='lat' dir='ltr'><strong>fuisse,</strong></span> 
     </span>
     <span class='ocr_line' id='line_1_5' title="bbox 626 797 2669 893; baseline 0.002 -24"><span class='ocrx_word' id='word_1_28' title='bbox 626 805 777 870; x_wconf 88' lang='lat' dir='ltr'><strong>alias</strong></span> <span class='ocrx_word' id='word_1_29' title='bbox 812 803 910 890; x_wconf 59' lang='grc' dir='ltr'><strong>(ς.</strong></span> <span class='ocrx_word' id='word_1_30' title='bbox 950 797 1142 889; x_wconf 89' lang='grc'><strong>252.)</strong></span> <span class='ocrx_word' id='word_1_31' title='bbox 1165 801 1524 866; x_wconf 88' lang='lat' dir='ltr'><strong>monuimus</strong></span> <span class='ocrx_word' id='word_1_32' title='bbox 1536 826 1555 887; x_wconf 88' lang='lat'>;</span> <span class='ocrx_word' id='word_1_33' title='bbox 1590 801 1759 868; x_wconf 86' lang='lat' dir='ltr'><strong>unde</strong></span> <span class='ocrx_word' id='word_1_34' title='bbox 1795 826 2197 871; x_wconf 87' lang='lat' dir='ltr'><strong>numerosum</strong></span> <span class='ocrx_word' id='word_1_35' title='bbox 2230 805 2299 871; x_wconf 88' lang='lat' dir='ltr'><strong>in</strong></span> <span class='ocrx_word' id='word_1_36' title='bbox 2334 807 2669 893; x_wconf 82' lang='lat' dir='ltr'><strong>provinciis</strong></span> 
     </span>
     <span class='ocr_line' id='line_1_6' title="bbox 623 915 2667 1008; baseline 0.001 -26"><span class='ocrx_word' id='word_1_37' title='bbox 623 915 853 982; x_wconf 81' lang='lat' dir='ltr'><strong>civium</strong></span> <span class='ocrx_word' id='word_1_38' title='bbox 872 916 1300 980; x_wconf 87' lang='lat' dir='ltr'><strong>Romanorum</strong></span> <span class='ocrx_word' id='word_1_39' title='bbox 1329 936 1526 1000; x_wconf 86' lang='lat' dir='ltr'><strong>genus</strong></span> <span class='ocrx_word' id='word_1_40' title='bbox 1544 963 1563 999; x_wconf 92' lang='lat'><strong>,</strong></span> <span class='ocrx_word' id='word_1_41' title='bbox 1589 926 1854 982; x_wconf 83' lang='lat' dir='ltr'><strong>aratores</strong></span> <span class='ocrx_word' id='word_1_42' title='bbox 1872 965 1891 1002; x_wconf 93' lang='lat'><strong>,</strong></span> <span class='ocrx_word' id='word_1_43' title='bbox 1909 918 2193 1005; x_wconf 82' lang='lat' dir='ltr'><strong>agrioolae</strong></span> <span class='ocrx_word' id='word_1_44' title='bbox 2216 968 2235 1003; x_wconf 94' lang='lat'><strong>,</strong></span> <span class='ocrx_word' id='word_1_45' title='bbox 2266 921 2546 1005; x_wconf 87' lang='lat' dir='ltr'><strong>pecuarii</strong></span> <span class='ocrx_word' id='word_1_46' title='bbox 2569 919 2667 1008; x_wconf 91' lang='lat'><strong>6),</strong></span> 
     </span>
     <span class='ocr_line' id='line_1_7' title="bbox 622 1027 2669 1120; baseline 0.001 -24"><span class='ocrx_word' id='word_1_47' title='bbox 622 1052 799 1118; x_wconf 83' lang='lat' dir='ltr'><strong>agros</strong></span> <span class='ocrx_word' id='word_1_48' title='bbox 832 1028 1110 1115; x_wconf 76' lang='lat' dir='ltr'><strong>publicos</strong></span> <span class='ocrx_word' id='word_1_49' title='bbox 1144 1027 1483 1093; x_wconf 87' lang='lat' dir='ltr'><strong>colentium</strong></span> <span class='ocrx_word' id='word_1_50' title='bbox 1505 1077 1523 1112; x_wconf 94' lang='lat'><strong>,</strong></span> <span class='ocrx_word' id='word_1_51' title='bbox 1557 1052 1711 1116; x_wconf 88' lang='lat' dir='ltr'><strong>quos</strong></span> <span class='ocrx_word' id='word_1_52' title='bbox 1750 1032 2005 1118; x_wconf 80' lang='lat' dir='ltr'><strong>Equites</strong></span> <span class='ocrx_word' id='word_1_53' title='bbox 2025 1032 2312 1098; x_wconf 73' lang='lat' dir='ltr'><strong>maxime</strong></span> <span class='ocrx_word' id='word_1_54' title='bbox 2352 1032 2477 1099; x_wconf 79' lang='lat' dir='ltr'><strong>sive</strong></span> <span class='ocrx_word' id='word_1_55' title='bbox 2506 1034 2669 1120; x_wconf 89' lang='lat' dir='ltr'><strong>ipsos</strong></span> 
     </span>
     <span class='ocr_line' id='line_1_8' title="bbox 622 1141 1933 1234; baseline 0.001 -25"><span class='ocrx_word' id='word_1_56' title='bbox 622 1144 748 1209; x_wconf 81' lang='lat' dir='ltr'><strong>sive</strong></span> <span class='ocrx_word' id='word_1_57' title='bbox 777 1141 1096 1228; x_wconf 86' lang='lat' dir='ltr'><strong>vectigalia</strong></span> <span class='ocrx_word' id='word_1_58' title='bbox 1133 1141 1569 1207; x_wconf 76' lang='lat' dir='ltr'><strong>conducebant</strong></span> <span class='ocrx_word' id='word_1_59' title='bbox 1596 1141 1624 1232; x_wconf 91' lang='lat'>(</span> <span class='ocrx_word' id='word_1_60' title='bbox 1637 1149 1701 1234; x_wconf 86' lang='lat'><strong>§.</strong></span> <span class='ocrx_word' id='word_1_61' title='bbox 1737 1141 1933 1231; x_wconf 87' lang='lat'>251.)</span> 
     </span>
    </p>
   </div>
   <div class='ocr_carea' id='block_1_3' title="bbox 617 1301 2683 1905">
    <p class='ocr_par' dir='ltr' id='par_1_3' title="bbox 617 1301 2683 1905">
     <span class='ocr_line' id='line_1_9' title="bbox 690 1301 2670 1372; baseline 0.004 -19"><span class='ocrx_word' id='word_1_62' title='bbox 690 1303 743 1362; x_wconf 86' lang='grc'><strong>1)</strong></span> <span class='ocrx_word' id='word_1_63' title='bbox 769 1303 845 1352; x_wconf 79' lang='lat' dir='ltr'><strong>Cf.</strong></span> <span class='ocrx_word' id='word_1_64' title='bbox 868 1302 927 1352; x_wconf 76' lang='grc' dir='ltr'><strong>Γ.</strong></span> <span class='ocrx_word' id='word_1_65' title='bbox 946 1302 1123 1352; x_wconf 76' lang='lat' dir='ltr'><strong>Rinkes</strong></span> <span class='ocrx_word' id='word_1_66' title='bbox 1141 1303 1215 1352; x_wconf 56' lang='lat'><strong>210</strong></span> <span class='ocrx_word' id='word_1_67' title='bbox 1250 1301 1715 1368; x_wconf 67' lang='lat' dir='ltr'><strong>aqrsculeuroeproe</strong></span> <span class='ocrx_word' id='word_1_68' title='bbox 1740 1312 2029 1356; x_wconf 66' lang='lat' dir='ltr'><strong>nemaeum</strong></span> <span class='ocrx_word' id='word_1_69' title='bbox 2046 1307 2195 1371; x_wconf 72' lang='lat' dir='ltr'><strong>apud</strong></span> <span class='ocrx_word' id='word_1_70' title='bbox 2210 1306 2473 1359; x_wconf 72' lang='lat' dir='ltr'><strong>Romanoa</strong></span> <span class='ocrx_word' id='word_1_71' title='bbox 2487 1309 2670 1372; x_wconf 64' lang='lat' dir='ltr'><strong>favore</strong></span> 
     </span>
     <span class='ocr_line' id='line_1_10' title="bbox 625 1391 2670 1462; baseline 0.003 -19"><span class='ocrx_word' id='word_1_72' title='bbox 625 1419 692 1436; x_wconf 91' lang='lat'><strong>·-</strong></span> <span class='ocrx_word' id='word_1_73' title='bbox 712 1409 827 1458; x_wconf 82' lang='lat' dir='ltr'><strong>cap.</strong></span> <span class='ocrx_word' id='word_1_74' title='bbox 849 1395 900 1442; x_wconf 68' lang='lat'><strong>2.</strong></span> <span class='ocrx_word' id='word_1_75' title='bbox 925 1410 977 1458; x_wconf 89' lang='lat' dir='ltr'><strong>p.</strong></span> <span class='ocrx_word' id='word_1_76' title='bbox 1000 1392 1084 1443; x_wconf 70' lang='lat'><strong>4⁴.</strong></span> <span class='ocrx_word' id='word_1_77' title='bbox 1120 1393 1235 1458; x_wconf 73' lang='lat' dir='ltr'><strong>Ipsa</strong></span> <span class='ocrx_word' id='word_1_78' title='bbox 1267 1394 1468 1442; x_wconf 85' lang='lat' dir='ltr'><strong>nomina</strong></span> <span class='ocrx_word' id='word_1_79' title='bbox 1500 1394 1703 1458; x_wconf 73' lang='lat' dir='ltr'><strong>proprio</strong></span> <span class='ocrx_word' id='word_1_80' title='bbox 1740 1394 1820 1461; x_wconf 76' lang='lat' dir='ltr'><strong>(v.</strong></span> <span class='ocrx_word' id='word_1_81' title='bbox 1856 1391 1902 1462; x_wconf 84' lang='lat'><strong>§.</strong></span> <span class='ocrx_word' id='word_1_82' title='bbox 1935 1394 2084 1456; x_wconf 74' lang='lat'>492.)</span> <span class='ocrx_word' id='word_1_83' title='bbox 2113 1413 2216 1445; x_wconf 91' lang='lat' dir='ltr'><strong>non</strong></span> <span class='ocrx_word' id='word_1_84' title='bbox 2236 1397 2450 1449; x_wconf 74' lang='lat' dir='ltr'><strong>absurdo</strong></span> <span class='ocrx_word' id='word_1_85' title='bbox 2477 1399 2670 1449; x_wconf 75' lang='lat' dir='ltr'><strong>adrem</strong></span> 
     </span>
     <span class='ocr_line' id='line_1_11' title="bbox 625 1480 2673 1554; baseline 0.004 -22"><span class='ocrx_word' id='word_1_86' title='bbox 625 1482 863 1546; x_wconf 73' lang='lat' dir='ltr'><strong>traxeris,</strong></span> <span class='ocrx_word' id='word_1_87' title='bbox 886 1480 1102 1548; x_wconf 73' lang='lat' dir='ltr'><strong>plurima</strong></span> <span class='ocrx_word' id='word_1_88' title='bbox 1116 1482 1180 1531; x_wconf 84' lang='lat' dir='ltr'><strong>ab</strong></span> <span class='ocrx_word' id='word_1_89' title='bbox 1199 1482 1329 1532; x_wconf 73' lang='lat' dir='ltr'><strong>ruri·</strong></span> <span class='ocrx_word' id='word_1_90' title='bbox 1349 1483 1521 1533; x_wconf 79' lang='lat' dir='ltr'><strong>labore</strong></span> <span class='ocrx_word' id='word_1_91' title='bbox 1545 1482 1779 1533; x_wconf 80' lang='lat' dir='ltr'><strong>deducta.</strong></span> <span class='ocrx_word' id='word_1_92' title='bbox 1797 1508 1860 1524; x_wconf 89' lang='lat'>—</span> <span class='ocrx_word' id='word_1_93' title='bbox 1879 1484 1933 1550; x_wconf 76' lang='lat'><strong>2)</strong></span> <span class='ocrx_word' id='word_1_94' title='bbox 1957 1484 2038 1535; x_wconf 79' lang='lat' dir='ltr'><strong>Cf.</strong></span> <span class='ocrx_word' id='word_1_95' title='bbox 2074 1485 2269 1536; x_wconf 87' lang='lat' dir='ltr'><strong>Colum.</strong></span> <span class='ocrx_word' id='word_1_96' title='bbox 2295 1487 2439 1551; x_wconf 67' lang='lat' dir='ltr'><strong>prof.</strong></span> <span class='ocrx_word' id='word_1_97' title='bbox 2471 1487 2578 1539; x_wconf 81' lang='lat' dir='ltr'><strong>Cic.</strong></span> <span class='ocrx_word' id='word_1_98' title='bbox 2602 1506 2673 1554; x_wconf 77' lang='lat' dir='ltr'><strong>p.</strong></span> 
     </span>
     <span class='ocr_line' id='line_1_12' title="bbox 622 1572 2671 1643; baseline 0.001 -19"><span class='ocrx_word' id='word_1_99' title='bbox 622 1573 776 1625; x_wconf 71' lang='lat' dir='ltr'><strong>Boeo.</strong></span> <span class='ocrx_word' id='word_1_100' title='bbox 812 1575 933 1623; x_wconf 68' lang='lat' dir='ltr'><strong>Ant.</strong></span> <span class='ocrx_word' id='word_1_101' title='bbox 969 1572 1063 1636; x_wconf 84' lang='lat'><strong>18,</strong></span> <span class='ocrx_word' id='word_1_102' title='bbox 1098 1572 1219 1621; x_wconf 74' lang='lat' dir='ltr'><strong>nor.</strong></span> <span class='ocrx_word' id='word_1_103' title='bbox 1260 1572 1362 1622; x_wconf 80' lang='lat' dir='ltr'><strong>Od.</strong></span> <span class='ocrx_word' id='word_1_104' title='bbox 1398 1573 1424 1623; x_wconf 88' lang='grc'><strong>1</strong></span> <span class='ocrx_word' id='word_1_105' title='bbox 1443 1608 1461 1637; x_wconf 91' lang='grc'>,</span> <span class='ocrx_word' id='word_1_106' title='bbox 1501 1573 1601 1638; x_wconf 76' lang='lat'><strong>12,</strong></span> <span class='ocrx_word' id='word_1_107' title='bbox 1625 1572 1710 1623; x_wconf 69' lang='lat'><strong>41.</strong></span> <span class='ocrx_word' id='word_1_108' title='bbox 1729 1601 1789 1611; x_wconf 90' lang='lat'><strong>-—</strong></span> <span class='ocrx_word' id='word_1_109' title='bbox 1810 1575 1866 1639; x_wconf 71' lang='grc' dir='ltr'><strong>ὅ)</strong></span> <span class='ocrx_word' id='word_1_110' title='bbox 1890 1573 1966 1623; x_wconf 74' lang='lat' dir='ltr'><strong>ct.</strong></span> <span class='ocrx_word' id='word_1_111' title='bbox 1992 1574 2318 1628; x_wconf 77' lang='lat' dir='ltr'><strong>VarrodeR.</strong></span> <span class='ocrx_word' id='word_1_112' title='bbox 2343 1577 2577 1643; x_wconf 58' lang='lat' dir='ltr'><strong>Equus.</strong></span> <span class='ocrx_word' id='word_1_113' title='bbox 2599 1606 2671 1619; x_wconf 89' lang='lat'><strong>—</strong></span> 
     </span>
     <span class='ocr_line' id='line_1_13' title="bbox 620 1660 2683 1733; baseline 0.002 -18"><span class='ocrx_word' id='word_1_114' title='bbox 620 1665 677 1732; x_wconf 67' lang='grc'><strong>4)</strong></span> <span class='ocrx_word' id='word_1_115' title='bbox 702 1667 780 1715; x_wconf 73' lang='lat' dir='ltr'><strong>Cf.</strong></span> <span class='ocrx_word' id='word_1_116' title='bbox 801 1666 996 1714; x_wconf 87' lang='lat' dir='ltr'><strong>Colum.</strong></span> <span class='ocrx_word' id='word_1_117' title='bbox 1023 1663 1048 1713; x_wconf 91' lang='lat'>1</span> <span class='ocrx_word' id='word_1_118' title='bbox 1063 1698 1085 1728; x_wconf 88' lang='lat'><strong>,</strong></span> <span class='ocrx_word' id='word_1_119' title='bbox 1106 1662 1141 1712; x_wconf 82' lang='lat'>⁷</span> <span class='ocrx_word' id='word_1_120' title='bbox 1163 1668 1217 1711; x_wconf 76' lang='lat' dir='ltr'><strong>et</strong></span> <span class='ocrx_word' id='word_1_121' title='bbox 1234 1660 1285 1712; x_wconf 84' lang='lat'><strong>8.</strong></span> <span class='ocrx_word' id='word_1_122' title='bbox 1305 1689 1366 1700; x_wconf 95' lang='lat'>—</span> <span class='ocrx_word' id='word_1_123' title='bbox 1383 1662 1438 1724; x_wconf 69' lang='grc' dir='ltr'><strong>ὅ)</strong></span> <span class='ocrx_word' id='word_1_124' title='bbox 1460 1661 1539 1711; x_wconf 74' lang='lat' dir='ltr'><strong>Cf.</strong></span> <span class='ocrx_word' id='word_1_125' title='bbox 1559 1663 1700 1713; x_wconf 81' lang='lat' dir='ltr'><strong>Suet.</strong></span> <span class='ocrx_word' id='word_1_126' title='bbox 1723 1664 1866 1729; x_wconf 69' lang='lat' dir='ltr'><strong>Any.</strong></span> <span class='ocrx_word' id='word_1_127' title='bbox 1890 1662 1985 1729; x_wconf 72' lang='lat'><strong>42,</strong></span> <span class='ocrx_word' id='word_1_128' title='bbox 2010 1664 2138 1715; x_wconf 66' lang='lat' dir='ltr'><strong>0oe5.</strong></span> <span class='ocrx_word' id='word_1_129' title='bbox 2156 1665 2223 1716; x_wconf 72' lang='lat'><strong>⁴2</strong></span> <span class='ocrx_word' id='word_1_130' title='bbox 2242 1702 2259 1730; x_wconf 93' lang='lat'><strong>,</strong></span> <span class='ocrx_word' id='word_1_131' title='bbox 2293 1668 2489 1732; x_wconf 77' lang='lat' dir='ltr'><strong>Appian</strong></span> <span class='ocrx_word' id='word_1_132' title='bbox 2511 1668 2578 1719; x_wconf 89' lang='lat' dir='ltr'><strong>B.</strong></span> <span class='ocrx_word' id='word_1_133' title='bbox 2605 1660 2683 1733; x_wconf 83' lang='lat' dir='ltr'><strong>C‚&#39;</strong></span> 
     </span>
     <span class='ocr_line' id='line_1_14' title="bbox 620 1749 2670 1821; baseline 0.002 -17"><span class='ocrx_word' id='word_1_134' title='bbox 620 1754 650 1804; x_wconf 89' lang='grc'><strong>1</strong></span> <span class='ocrx_word' id='word_1_135' title='bbox 670 1791 688 1819; x_wconf 85' lang='grc'><strong>,</strong></span> <span class='ocrx_word' id='word_1_136' title='bbox 708 1753 762 1803; x_wconf 88' lang='grc'><strong>7.</strong></span> <span class='ocrx_word' id='word_1_137' title='bbox 785 1768 897 1817; x_wconf 72' lang='lat' dir='ltr'><strong>sqq.</strong></span> <span class='ocrx_word' id='word_1_138' title='bbox 917 1788 935 1816; x_wconf 90' lang='lat'><strong>,</strong></span> <span class='ocrx_word' id='word_1_139' title='bbox 958 1749 1129 1800; x_wconf 66' lang='lat' dir='ltr'><strong>naus.</strong></span> <span class='ocrx_word' id='word_1_140' title='bbox 1149 1750 1251 1799; x_wconf 79' lang='lat' dir='ltr'><strong>vol.</strong></span> <span class='ocrx_word' id='word_1_141' title='bbox 1276 1750 1328 1800; x_wconf 82' lang='lat'><strong>2.</strong></span> <span class='ocrx_word' id='word_1_142' title='bbox 1351 1765 1405 1815; x_wconf 85' lang='lat' dir='ltr'><strong>p.</strong></span> <span class='ocrx_word' id='word_1_143' title='bbox 1431 1749 1546 1800; x_wconf 77' lang='lat'><strong>151.</strong></span> <span class='ocrx_word' id='word_1_144' title='bbox 1569 1750 1706 1816; x_wconf 78' lang='lat'><strong>-6)</strong></span> <span class='ocrx_word' id='word_1_145' title='bbox 1725 1750 1803 1800; x_wconf 80' lang='lat' dir='ltr'><strong>Cf.</strong></span> <span class='ocrx_word' id='word_1_146' title='bbox 1828 1749 1934 1801; x_wconf 82' lang='lat' dir='ltr'><strong>Cio.</strong></span> <span class='ocrx_word' id='word_1_147' title='bbox 1953 1753 2084 1817; x_wconf 76' lang='lat' dir='ltr'><strong>Aqr.</strong></span> <span class='ocrx_word' id='word_1_148' title='bbox 2108 1752 2175 1819; x_wconf 79' lang='lat'><strong>2,</strong></span> <span class='ocrx_word' id='word_1_149' title='bbox 2202 1752 2298 1821; x_wconf 74' lang='lat'><strong>31,</strong></span> <span class='ocrx_word' id='word_1_150' title='bbox 2327 1753 2481 1805; x_wconf 79' lang='lat' dir='ltr'><strong>Verr-</strong></span> <span class='ocrx_word' id='word_1_151' title='bbox 2512 1754 2578 1821; x_wconf 72' lang='lat'><strong>2,</strong></span> <span class='ocrx_word' id='word_1_152' title='bbox 2600 1756 2670 1810; x_wconf 75' lang='grc' dir='ltr'><strong>ὅ.</strong></span> 
     </span>
     <span class='ocr_line' id='line_1_15' title="bbox 617 1838 1033 1905; baseline 0 -18"><span class='ocrx_word' id='word_1_153' title='bbox 617 1840 858 1905; x_wconf 56' lang='lat' dir='ltr'><strong>psont-</strong></span> <span class='ocrx_word' id='word_1_154' title='bbox 877 1838 927 1890; x_wconf 88' lang='lat'><strong>1.</strong></span> <span class='ocrx_word' id='word_1_155' title='bbox 949 1838 1033 1888; x_wconf 79' lang='lat'><strong>16.</strong></span> 
     </span>
    </p>
   </div>
   <div class='ocr_carea' id='block_1_4' title="bbox 619 1978 2672 4125">
    <p class='ocr_par' dir='ltr' id='par_1_4' title="bbox 619 1978 2672 3187">
     <span class='ocr_line' id='line_1_16' title="bbox 714 1978 2668 2067; baseline 0.004 -24"><span class='ocrx_word' id='word_1_156' title='bbox 714 1983 867 2047; x_wconf 82' lang='lat'><strong>379.</strong></span> <span class='ocrx_word' id='word_1_157' title='bbox 916 1979 1157 2067; x_wconf 81' lang='lat' dir='ltr'>Agrum</span> <span class='ocrx_word' id='word_1_158' title='bbox 1198 1978 1470 2044; x_wconf 87' lang='lat' dir='ltr'><strong>Romani</strong></span> <span class='ocrx_word' id='word_1_159' title='bbox 1509 1979 1760 2045; x_wconf 84' lang='lat' dir='ltr'><strong>alternis</strong></span> <span class='ocrx_word' id='word_1_160' title='bbox 1803 1979 1881 2045; x_wconf 92' lang='lat' dir='ltr'><strong>de</strong></span> <span class='ocrx_word' id='word_1_161' title='bbox 1923 2002 2097 2047; x_wconf 90' lang='lat' dir='ltr'><strong>more</strong></span> <span class='ocrx_word' id='word_1_162' title='bbox 2141 1983 2320 2047; x_wconf 88' lang='lat' dir='ltr'><strong>annis</strong></span> <span class='ocrx_word' id='word_1_163' title='bbox 2364 2004 2668 2050; x_wconf 86' lang='lat' dir='ltr'><strong>eonsere—</strong></span> 
     </span>
     <span class='ocr_line' id='line_1_17' title="bbox 621 2090 2669 2182; baseline 0.002 -23"><span class='ocrx_word' id='word_1_164' title='bbox 621 2095 775 2159; x_wconf 85' lang='lat' dir='ltr'><strong>bant</strong></span> <span class='ocrx_word' id='word_1_165' title='bbox 804 2090 889 2182; x_wconf 88' lang='lat'><strong>1),</strong></span> <span class='ocrx_word' id='word_1_166' title='bbox 919 2104 1187 2159; x_wconf 76' lang='lat' dir='ltr'><strong>serentes</strong></span> <span class='ocrx_word' id='word_1_167' title='bbox 1216 2092 1481 2156; x_wconf 79' lang='lat' dir='ltr'><strong>maxime</strong></span> <span class='ocrx_word' id='word_1_168' title='bbox 1506 2091 1669 2156; x_wconf 85' lang='lat' dir='ltr'><strong>inter</strong></span> <span class='ocrx_word' id='word_1_169' title='bbox 1699 2094 2010 2158; x_wconf 79' lang='lat' dir='ltr'><strong>frumenta</strong></span> <span class='ocrx_word' id='word_1_170' title='bbox 2041 2093 2316 2159; x_wconf 88' lang='lat' dir='ltr'><strong>triticum</strong></span> <span class='ocrx_word' id='word_1_171' title='bbox 2337 2093 2452 2180; x_wconf 86' lang='lat' dir='ltr'><strong>,ad</strong></span> <span class='ocrx_word' id='word_1_172' title='bbox 2478 2096 2669 2181; x_wconf 88' lang='lat' dir='ltr'><strong>cujus</strong></span> 
     </span>
     <span class='ocr_line' id='line_1_18' title="bbox 621 2203 2670 2298; baseline 0.001 -26"><span class='ocrx_word' id='word_1_173' title='bbox 621 2207 853 2293; x_wconf 88' lang='lat' dir='ltr'><strong>species</strong></span> <span class='ocrx_word' id='word_1_174' title='bbox 891 2206 1253 2271; x_wconf 83' lang='lat' dir='ltr'><strong>referuntur</strong></span> <span class='ocrx_word' id='word_1_175' title='bbox 1294 2205 1388 2268; x_wconf 77' lang='lat' dir='ltr'><strong>far</strong></span> <span class='ocrx_word' id='word_1_176' title='bbox 1437 2203 1624 2294; x_wconf 86' lang='lat' dir='ltr'><strong>(ador</strong></span> <span class='ocrx_word' id='word_1_177' title='bbox 1648 2253 1666 2287; x_wconf 92' lang='lat'><strong>,</strong></span> <span class='ocrx_word' id='word_1_178' title='bbox 1714 2206 1807 2270; x_wconf 76' lang='lat' dir='ltr'><strong>far</strong></span> <span class='ocrx_word' id='word_1_179' title='bbox 1855 2203 2197 2294; x_wconf 88' lang='lat' dir='ltr'><strong>adoreum)</strong></span> <span class='ocrx_word' id='word_1_180' title='bbox 2227 2218 2290 2272; x_wconf 85' lang='lat' dir='ltr'><strong>et</strong></span> <span class='ocrx_word' id='word_1_181' title='bbox 2339 2208 2517 2296; x_wconf 85' lang='lat' dir='ltr'><strong>siligo</strong></span> <span class='ocrx_word' id='word_1_182' title='bbox 2551 2207 2670 2298; x_wconf 87' lang='lat'><strong>2),</strong></span> 
     </span>
     <span class='ocr_line' id='line_1_19' title="bbox 619 2319 2667 2409; baseline 0.001 -23"><span class='ocrx_word' id='word_1_183' title='bbox 619 2321 969 2405; x_wconf 89' lang='lat' dir='ltr'><strong>hordeum,</strong></span> <span class='ocrx_word' id='word_1_184' title='bbox 999 2341 1259 2385; x_wconf 83' lang='lat' dir='ltr'><strong>avenam</strong></span> <span class='ocrx_word' id='word_1_185' title='bbox 1282 2367 1300 2402; x_wconf 94' lang='lat'><strong>,</strong></span> <span class='ocrx_word' id='word_1_186' title='bbox 1340 2319 1585 2404; x_wconf 89' lang='lat' dir='ltr'><strong>linum;</strong></span> <span class='ocrx_word' id='word_1_187' title='bbox 1634 2320 1796 2383; x_wconf 89' lang='lat' dir='ltr'><strong>inter</strong></span> <span class='ocrx_word' id='word_1_188' title='bbox 1832 2321 2149 2407; x_wconf 87' lang='lat' dir='ltr'><strong>legumina</strong></span> <span class='ocrx_word' id='word_1_189' title='bbox 2182 2322 2390 2387; x_wconf 82' lang='lat' dir='ltr'><strong>fabam</strong></span> <span class='ocrx_word' id='word_1_190' title='bbox 2413 2371 2431 2406; x_wconf 94' lang='lat'><strong>,</strong></span> <span class='ocrx_word' id='word_1_191' title='bbox 2462 2323 2667 2409; x_wconf 86' lang='lat' dir='ltr'><strong>pisum</strong></span> 
     </span>
     <span class='ocr_line' id='line_1_20' title="bbox 623 2430 2670 2526; baseline 0.001 -24"><span class='ocrx_word' id='word_1_192' title='bbox 623 2436 911 2526; x_wconf 85' lang='lat' dir='ltr'><strong>(cicer),</strong></span> <span class='ocrx_word' id='word_1_193' title='bbox 945 2435 1307 2522; x_wconf 80' lang='lat' dir='ltr'><strong>phaselum,</strong></span> <span class='ocrx_word' id='word_1_194' title='bbox 1351 2436 1605 2500; x_wconf 89' lang='lat' dir='ltr'><strong>lentem.</strong></span> <span class='ocrx_word' id='word_1_195' title='bbox 1637 2436 2092 2520; x_wconf 70' lang='lat' dir='ltr'><strong>Instrumenta,</strong></span> <span class='ocrx_word' id='word_1_196' title='bbox 2136 2458 2308 2505; x_wconf 80' lang='lat' dir='ltr'><strong>arma</strong></span> <span class='ocrx_word' id='word_1_197' title='bbox 2360 2434 2468 2526; x_wconf 86' lang='lat'><strong>3),</strong></span> <span class='ocrx_word' id='word_1_198' title='bbox 2516 2430 2670 2525; x_wconf 70' lang='lat' dir='ltr'><strong>a&#39;gro</strong></span> 
     </span>
     <span class='ocr_line' id='line_1_21' title="bbox 624 2546 2672 2636; baseline 0 -21"><span class='ocrx_word' id='word_1_199' title='bbox 624 2549 884 2615; x_wconf 65' lang='lat' dir='ltr'><strong>colendo</strong></span> <span class='ocrx_word' id='word_1_200' title='bbox 902 2596 922 2630; x_wconf 92' lang='lat'><strong>,</strong></span> <span class='ocrx_word' id='word_1_201' title='bbox 962 2559 1181 2633; x_wconf 81' lang='lat' dir='ltr'><strong>proeter</strong></span> <span class='ocrx_word' id='word_1_202' title='bbox 1207 2557 1480 2611; x_wconf 75' lang='lat' dir='ltr'><strong>aratrum</strong></span> <span class='ocrx_word' id='word_1_203' title='bbox 1498 2595 1517 2630; x_wconf 94' lang='lat'><strong>,</strong></span> <span class='ocrx_word' id='word_1_204' title='bbox 1548 2546 1730 2631; x_wconf 87' lang='lat' dir='ltr'><strong>cujus</strong></span> <span class='ocrx_word' id='word_1_205' title='bbox 1759 2559 1958 2634; x_wconf 85' lang='lat' dir='ltr'><strong>partes</strong></span> <span class='ocrx_word' id='word_1_206' title='bbox 1990 2561 2153 2615; x_wconf 91' lang='lat' dir='ltr'><strong>temo</strong></span> <span class='ocrx_word' id='word_1_207' title='bbox 2177 2598 2194 2633; x_wconf 92' lang='lat'><strong>,</strong></span> <span class='ocrx_word' id='word_1_208' title='bbox 2241 2551 2388 2617; x_wconf 84' lang='lat' dir='ltr'><strong>stiva</strong></span> <span class='ocrx_word' id='word_1_209' title='bbox 2415 2601 2432 2636; x_wconf 89' lang='lat'><strong>,</strong></span> <span class='ocrx_word' id='word_1_210' title='bbox 2458 2553 2672 2618; x_wconf 82' lang='lat' dir='ltr'><strong>mani-</strong></span> 
     </span>
     <span class='ocr_line' id='line_1_22' title="bbox 622 2658 2669 2749; baseline 0.001 -20"><span class='ocrx_word' id='word_1_211' title='bbox 622 2665 766 2729; x_wconf 87' lang='lat' dir='ltr'><strong>oula</strong></span> <span class='ocrx_word' id='word_1_212' title='bbox 790 2711 808 2746; x_wconf 94' lang='lat'><strong>,</strong></span> <span class='ocrx_word' id='word_1_213' title='bbox 838 2662 1051 2745; x_wconf 89' lang='lat' dir='ltr'><strong>buris,</strong></span> <span class='ocrx_word' id='word_1_214' title='bbox 1101 2682 1354 2743; x_wconf 74' lang='lat' dir='ltr'><strong>vomer,</strong></span> <span class='ocrx_word' id='word_1_215' title='bbox 1428 2658 1706 2746; x_wconf 86' lang='lat' dir='ltr'><strong>dentale,</strong></span> <span class='ocrx_word' id='word_1_216' title='bbox 1750 2683 1967 2747; x_wconf 85' lang='lat' dir='ltr'><strong>aures,</strong></span> <span class='ocrx_word' id='word_1_217' title='bbox 2007 2664 2244 2748; x_wconf 89' lang='lat' dir='ltr'><strong>culter,</strong></span> <span class='ocrx_word' id='word_1_218' title='bbox 2299 2666 2455 2731; x_wconf 89' lang='lat' dir='ltr'><strong>rulla</strong></span> <span class='ocrx_word' id='word_1_219' title='bbox 2481 2714 2499 2749; x_wconf 93' lang='lat'><strong>,</strong></span> <span class='ocrx_word' id='word_1_220' title='bbox 2541 2688 2669 2733; x_wconf 88' lang='lat' dir='ltr'><strong>oe—</strong></span> 
     </span>
     <span class='ocr_line' id='line_1_23' title="bbox 623 2772 2668 2863; baseline 0.001 -20"><span class='ocrx_word' id='word_1_221' title='bbox 623 2786 888 2843; x_wconf 84' lang='lat' dir='ltr'><strong>currunt</strong></span> <span class='ocrx_word' id='word_1_222' title='bbox 948 2774 1110 2861; x_wconf 80' lang='lat' dir='ltr'><strong>ligo,</strong></span> <span class='ocrx_word' id='word_1_223' title='bbox 1156 2783 1457 2857; x_wconf 79' lang='lat' dir='ltr'><strong>rastrum,</strong></span> <span class='ocrx_word' id='word_1_224' title='bbox 1507 2772 1768 2860; x_wconf 82' lang='lat' dir='ltr'><strong>bidens,</strong></span> <span class='ocrx_word' id='word_1_225' title='bbox 1836 2777 2187 2863; x_wconf 76' lang='lat' dir='ltr'><strong>sarculum,</strong></span> <span class='ocrx_word' id='word_1_226' title='bbox 2256 2800 2440 2863; x_wconf 79' lang='lat' dir='ltr'><strong>occa,</strong></span> <span class='ocrx_word' id='word_1_227' title='bbox 2492 2777 2668 2846; x_wconf 81' lang='lat' dir='ltr'><strong>unde</strong></span> 
     </span>
     <span class='ocr_line' id='line_1_24' title="bbox 625 2886 2670 2980; baseline 0.002 -24"><span class='ocrx_word' id='word_1_228' title='bbox 625 2911 886 2973; x_wconf 81' lang='lat' dir='ltr'><strong>occare3</strong></span> <span class='ocrx_word' id='word_1_229' title='bbox 938 2886 1114 2953; x_wconf 87' lang='lat' dir='ltr'><strong>traha</strong></span> <span class='ocrx_word' id='word_1_230' title='bbox 1165 2898 1228 2952; x_wconf 89' lang='lat' dir='ltr'><strong>et</strong></span> <span class='ocrx_word' id='word_1_231' title='bbox 1281 2887 1509 2953; x_wconf 87' lang='lat' dir='ltr'><strong>tribula</strong></span> <span class='ocrx_word' id='word_1_232' title='bbox 1554 2888 1765 2975; x_wconf 84' lang='lat' dir='ltr'><strong>granis</strong></span> <span class='ocrx_word' id='word_1_233' title='bbox 1812 2889 2153 2955; x_wconf 78' lang='lat' dir='ltr'><strong>exterendis</strong></span> <span class='ocrx_word' id='word_1_234' title='bbox 2213 2889 2296 2980; x_wconf 77' lang='lat'><strong>4)</strong></span> <span class='ocrx_word' id='word_1_235' title='bbox 2321 2941 2340 2977; x_wconf 92' lang='lat'><strong>,</strong></span> <span class='ocrx_word' id='word_1_236' title='bbox 2389 2892 2670 2960; x_wconf 75' lang='lat' dir='ltr'><strong>ventila-</strong></span> 
     </span>
     <span class='ocr_line' id='line_1_25' title="bbox 622 3000 2670 3092; baseline 0.001 -22"><span class='ocrx_word' id='word_1_237' title='bbox 622 3006 813 3071; x_wconf 87' lang='lat' dir='ltr'><strong>brum</strong></span> <span class='ocrx_word' id='word_1_238' title='bbox 845 3000 952 3092; x_wconf 83' lang='lat'><strong>5),</strong></span> <span class='ocrx_word' id='word_1_239' title='bbox 983 3024 1251 3082; x_wconf 68' lang='lat' dir='ltr'><strong>vannus.¹</strong></span> <span class='ocrx_word' id='word_1_240' title='bbox 1275 3000 1554 3067; x_wconf 86' lang='lat' dir='ltr'><strong>Terendo</strong></span> <span class='ocrx_word' id='word_1_241' title='bbox 1599 3003 1913 3068; x_wconf 81' lang='lat' dir='ltr'><strong>frumento</strong></span> <span class='ocrx_word' id='word_1_242' title='bbox 1959 3025 2099 3070; x_wconf 89' lang='lat' dir='ltr'><strong>area</strong></span> <span class='ocrx_word' id='word_1_243' title='bbox 2122 3051 2141 3088; x_wconf 90' lang='lat'>‚</span> <span class='ocrx_word' id='word_1_244' title='bbox 2171 3005 2467 3073; x_wconf 84' lang='lat' dir='ltr'><strong>servando</strong></span> <span class='ocrx_word' id='word_1_245' title='bbox 2501 3006 2670 3073; x_wconf 90' lang='lat' dir='ltr'><strong>bor-</strong></span> 
     </span>
     <span class='ocr_line' id='line_1_26' title="bbox 624 3142 829 3187; baseline 0.005 -2"><span class='ocrx_word' id='word_1_246' title='bbox 624 3142 829 3187; x_wconf 90' lang='lat' dir='ltr'><strong>reum.</strong></span> 
     </span>
    </p>

    <p class='ocr_par' dir='ltr' id='par_1_5' title="bbox 624 3228 2672 4125">
     <span class='ocr_line' id='line_1_27' title="bbox 714 3228 2670 3323; baseline 0.003 -26"><span class='ocrx_word' id='word_1_247' title='bbox 714 3234 790 3297; x_wconf 89' lang='lat' dir='ltr'><strong>In</strong></span> <span class='ocrx_word' id='word_1_248' title='bbox 824 3230 951 3298; x_wconf 87' lang='lat' dir='ltr'><strong>dite</strong></span> <span class='ocrx_word' id='word_1_249' title='bbox 988 3232 1120 3317; x_wconf 87' lang='lat' dir='ltr'><strong>jam</strong></span> <span class='ocrx_word' id='word_1_250' title='bbox 1164 3232 1401 3316; x_wconf 83' lang='lat' dir='ltr'><strong>Roma,</strong></span> <span class='ocrx_word' id='word_1_251' title='bbox 1433 3243 1505 3296; x_wconf 90' lang='lat' dir='ltr'><strong>ut</strong></span> <span class='ocrx_word' id='word_1_252' title='bbox 1531 3228 1600 3296; x_wconf 88' lang='lat' dir='ltr'><strong>in</strong></span> <span class='ocrx_word' id='word_1_253' title='bbox 1635 3231 1805 3317; x_wconf 86' lang='lat' dir='ltr'><strong>aliis,</strong></span> <span class='ocrx_word' id='word_1_254' title='bbox 1837 3232 1923 3297; x_wconf 85' lang='lat' dir='ltr'><strong>sic</strong></span> <span class='ocrx_word' id='word_1_255' title='bbox 1973 3232 2040 3296; x_wconf 91' lang='lat' dir='ltr'><strong>in</strong></span> <span class='ocrx_word' id='word_1_256' title='bbox 2067 3229 2260 3297; x_wconf 83' lang='lat' dir='ltr'><strong>hortis</strong></span> <span class='ocrx_word' id='word_1_257' title='bbox 2287 3253 2512 3323; x_wconf 86' lang='lat' dir='ltr'><strong>magna</strong></span> <span class='ocrx_word' id='word_1_258' title='bbox 2544 3237 2670 3304; x_wconf 79' lang='lat' dir='ltr'><strong>fuit</strong></span> 
     </span>
     <span class='ocr_line' id='line_1_28' title="bbox 625 3346 2667 3435; baseline 0.002 -22"><span class='ocrx_word' id='word_1_259' title='bbox 625 3359 877 3414; x_wconf 84' lang='lat' dir='ltr'><strong>ornatus</strong></span> <span class='ocrx_word' id='word_1_260' title='bbox 920 3370 1018 3413; x_wconf 85' lang='lat' dir='ltr'><strong>ars</strong></span> <span class='ocrx_word' id='word_1_261' title='bbox 1056 3358 1119 3414; x_wconf 90' lang='lat' dir='ltr'><strong>et</strong></span> <span class='ocrx_word' id='word_1_262' title='bbox 1162 3347 1406 3414; x_wconf 84' lang='lat' dir='ltr'><strong>luxuria</strong></span> <span class='ocrx_word' id='word_1_263' title='bbox 1425 3396 1445 3432; x_wconf 94' lang='lat'><strong>,</strong></span> <span class='ocrx_word' id='word_1_264' title='bbox 1495 3346 1890 3435; x_wconf 77' lang='lat' dir='ltr'><strong>celebresque</strong></span> <span class='ocrx_word' id='word_1_265' title='bbox 1935 3346 2055 3413; x_wconf 87' lang='lat' dir='ltr'><strong>hoc</strong></span> <span class='ocrx_word' id='word_1_266' title='bbox 2099 3349 2353 3414; x_wconf 88' lang='lat' dir='ltr'><strong>nomine</strong></span> <span class='ocrx_word' id='word_1_267' title='bbox 2396 3350 2579 3417; x_wconf 87' lang='lat' dir='ltr'><strong>multi</strong></span> <span class='ocrx_word' id='word_1_268' title='bbox 2626 3375 2667 3418; x_wconf 87' lang='lat' dir='ltr'><strong>a</strong></span> 
     </span>
     <span class='ocr_line' id='line_1_29' title="bbox 624 3462 2668 3550; baseline 0 -21"><span class='ocrx_word' id='word_1_269' title='bbox 624 3462 1021 3549; x_wconf 84' lang='lat' dir='ltr'><strong>scriptoribus</strong></span> <span class='ocrx_word' id='word_1_270' title='bbox 1055 3473 1479 3527; x_wconf 85' lang='lat' dir='ltr'><strong>memorantur</strong></span> <span class='ocrx_word' id='word_1_271' title='bbox 1502 3511 1522 3546; x_wconf 95' lang='lat'><strong>,</strong></span> <span class='ocrx_word' id='word_1_272' title='bbox 1574 3463 1642 3526; x_wconf 91' lang='lat' dir='ltr'><strong>in</strong></span> <span class='ocrx_word' id='word_1_273' title='bbox 1686 3462 1863 3550; x_wconf 86' lang='lat' dir='ltr'><strong>queis</strong></span> <span class='ocrx_word' id='word_1_274' title='bbox 1900 3462 2187 3548; x_wconf 86' lang='lat' dir='ltr'><strong>Luculli,</strong></span> <span class='ocrx_word' id='word_1_275' title='bbox 2217 3463 2467 3548; x_wconf 84' lang='lat' dir='ltr'><strong>Ovidii,</strong></span> <span class='ocrx_word' id='word_1_276' title='bbox 2514 3467 2668 3530; x_wconf 87' lang='lat' dir='ltr'><strong>Sal-</strong></span> 
     </span>
     <span class='ocr_line' id='line_1_30' title="bbox 624 3576 2672 3664; baseline 0.001 -21"><span class='ocrx_word' id='word_1_277' title='bbox 624 3579 833 3662; x_wconf 81' lang='lat' dir='ltr'><strong>lustii3</strong></span> <span class='ocrx_word' id='word_1_278' title='bbox 866 3599 1072 3664; x_wconf 84' lang='lat' dir='ltr'><strong>neque</strong></span> <span class='ocrx_word' id='word_1_279' title='bbox 1117 3587 1324 3641; x_wconf 90' lang='lat' dir='ltr'><strong>tamen</strong></span> <span class='ocrx_word' id='word_1_280' title='bbox 1353 3577 1596 3642; x_wconf 82' lang='lat' dir='ltr'><strong>cultura</strong></span> <span class='ocrx_word' id='word_1_281' title='bbox 1624 3576 1762 3642; x_wconf 83' lang='lat' dir='ltr'><strong>ideo</strong></span> <span class='ocrx_word' id='word_1_282' title='bbox 1788 3578 2028 3643; x_wconf 91' lang='lat' dir='ltr'><strong>olerum</strong></span> <span class='ocrx_word' id='word_1_283' title='bbox 2054 3590 2164 3644; x_wconf 87' lang='lat' dir='ltr'><strong>aut</strong></span> <span class='ocrx_word' id='word_1_284' title='bbox 2203 3579 2495 3644; x_wconf 80' lang='lat' dir='ltr'><strong>arborum</strong></span> <span class='ocrx_word' id='word_1_285' title='bbox 2524 3581 2672 3645; x_wconf 76' lang='lat' dir='ltr'><strong>fru-</strong></span> 
     </span>
     <span class='ocr_line' id='line_1_31' title="bbox 629 3691 2664 3782; baseline 0.003 -27"><span class='ocrx_word' id='word_1_286' title='bbox 629 3694 966 3779; x_wconf 76' lang='lat' dir='ltr'><strong>giferarum</strong></span> <span class='ocrx_word' id='word_1_287' title='bbox 996 3691 1312 3777; x_wconf 86' lang='lat' dir='ltr'><strong>neglecta,</strong></span> <span class='ocrx_word' id='word_1_288' title='bbox 1342 3692 1411 3755; x_wconf 91' lang='lat' dir='ltr'><strong>in</strong></span> <span class='ocrx_word' id='word_1_289' title='bbox 1441 3691 1670 3778; x_wconf 84' lang='lat' dir='ltr'><strong>quibus</strong></span> <span class='ocrx_word' id='word_1_290' title='bbox 1698 3692 2097 3758; x_wconf 85' lang='lat' dir='ltr'><strong>nobilitandis</strong></span> <span class='ocrx_word' id='word_1_291' title='bbox 2131 3704 2291 3759; x_wconf 79' lang='lat' dir='ltr'><strong>notae</strong></span> <span class='ocrx_word' id='word_1_292' title='bbox 2320 3696 2622 3761; x_wconf 82' lang='lat' dir='ltr'><strong>Romanis</strong></span> <span class='ocrx_word' id='word_1_293' title='bbox 2644 3746 2664 3782; x_wconf 92' lang='lat'><strong>,</strong></span> 
     </span>
     <span class='ocr_line' id='line_1_32' title="bbox 628 3804 2664 3897; baseline 0.005 -29"><span class='ocrx_word' id='word_1_294' title='bbox 628 3826 770 3890; x_wconf 82' lang='lat' dir='ltr'><strong>quae</strong></span> <span class='ocrx_word' id='word_1_295' title='bbox 798 3827 971 3870; x_wconf 81' lang='lat' dir='ltr'><strong>nune</strong></span> <span class='ocrx_word' id='word_1_296' title='bbox 995 3827 1246 3892; x_wconf 90' lang='lat' dir='ltr'><strong>quoque</strong></span> <span class='ocrx_word' id='word_1_297' title='bbox 1272 3804 1508 3871; x_wconf 77' lang='lat' dir='ltr'><strong>usitatae</strong></span> <span class='ocrx_word' id='word_1_298' title='bbox 1531 3817 1722 3890; x_wconf 80' lang='lat' dir='ltr'><strong>artes,</strong></span> <span class='ocrx_word' id='word_1_299' title='bbox 1747 3806 1952 3871; x_wconf 74' lang='lat' dir='ltr'><strong>insitio</strong></span> <span class='ocrx_word' id='word_1_300' title='bbox 1974 3856 1992 3891; x_wconf 88' lang='lat'><strong>,</strong></span> <span class='ocrx_word' id='word_1_301' title='bbox 2018 3807 2386 3892; x_wconf 85' lang='lat' dir='ltr'><strong>inoculatio,</strong></span> <span class='ocrx_word' id='word_1_302' title='bbox 2414 3820 2529 3875; x_wconf 84' lang='lat' dir='ltr'><strong>ete.</strong></span> <span class='ocrx_word' id='word_1_303' title='bbox 2567 3807 2664 3897; x_wconf 86' lang='lat'><strong>6).</strong></span> 
     </span>
     <span class='ocr_line' id='line_1_33' title="bbox 628 3919 2670 4009; baseline 0.003 -26"><span class='ocrx_word' id='word_1_304' title='bbox 628 3920 757 3983; x_wconf 88' lang='lat' dir='ltr'><strong>Nee</strong></span> <span class='ocrx_word' id='word_1_305' title='bbox 786 3919 992 3984; x_wconf 88' lang='lat' dir='ltr'><strong>minus</strong></span> <span class='ocrx_word' id='word_1_306' title='bbox 1017 3921 1154 3984; x_wconf 76' lang='lat' dir='ltr'><strong>vitis</strong></span> <span class='ocrx_word' id='word_1_307' title='bbox 1175 3970 1192 4003; x_wconf 88' lang='lat'><strong>,</strong></span> <span class='ocrx_word' id='word_1_308' title='bbox 1242 3924 1425 4007; x_wconf 79' lang='lat' dir='ltr'><strong>vulgo</strong></span> <span class='ocrx_word' id='word_1_309' title='bbox 1457 3923 1645 3987; x_wconf 90' lang='lat' dir='ltr'><strong>ulmis</strong></span> <span class='ocrx_word' id='word_1_310' title='bbox 1676 3921 1986 4008; x_wconf 68' lang='lat' dir='ltr'><strong>adjunctae</strong></span> <span class='ocrx_word' id='word_1_311' title='bbox 2019 3919 2122 4009; x_wconf 88' lang='lat'><strong>7),</strong></span> <span class='ocrx_word' id='word_1_312' title='bbox 2169 3922 2338 3987; x_wconf 85' lang='lat' dir='ltr'><strong>unde</strong></span> <span class='ocrx_word' id='word_1_313' title='bbox 2374 3925 2670 3990; x_wconf 83' lang='lat' dir='ltr'><strong>maritare</strong></span> 
     </span>
     <span class='ocr_line' id='line_1_34' title="bbox 628 4032 2667 4125; baseline 0.004 -30"><span class='ocrx_word' id='word_1_314' title='bbox 628 4032 924 4118; x_wconf 83' lang='lat' dir='ltr'><strong>populos,</strong></span> <span class='ocrx_word' id='word_1_315' title='bbox 970 4033 1117 4099; x_wconf 87' lang='lat' dir='ltr'><strong>Hor.</strong></span> <span class='ocrx_word' id='word_1_316' title='bbox 1162 4034 1379 4123; x_wconf 83' lang='lat' dir='ltr'><strong>Epod.</strong></span> <span class='ocrx_word' id='word_1_317' title='bbox 1414 4037 1511 4121; x_wconf 89' lang='lat'><strong>11,</strong></span> <span class='ocrx_word' id='word_1_318' title='bbox 1546 4040 1666 4122; x_wconf 86' lang='lat'><strong>10,</strong></span> <span class='ocrx_word' id='word_1_319' title='bbox 1696 4049 1758 4103; x_wconf 88' lang='lat' dir='ltr'><strong>et</strong></span> <span class='ocrx_word' id='word_1_320' title='bbox 1787 4037 2047 4122; x_wconf 87' lang='lat' dir='ltr'><strong>similia,</strong></span> <span class='ocrx_word' id='word_1_321' title='bbox 2086 4037 2301 4104; x_wconf 86' lang='lat' dir='ltr'><strong>eadem</strong></span> <span class='ocrx_word' id='word_1_322' title='bbox 2345 4039 2475 4104; x_wconf 82' lang='lat' dir='ltr'><strong>fere</strong></span> <span class='ocrx_word' id='word_1_323' title='bbox 2522 4060 2667 4125; x_wconf 82' lang='lat' dir='ltr'><strong>quae</strong></span> 
     </span>
    </p>
   </div>
  </div>
 </body>
</html>
