3111 4829
1365 436 1389 519 (
1431 437 1543 499 421
1595 438 1618 520 )

933 610 1283 678 mmm,
1328 613 1761 660 mswnumn
1786 643 1804 680 ,
1850 616 2039 662 mmm.

558 758 707 821 423.
757 754 1071 822 Mater-iem
1112 776 1252 818 vero
1300 754 1464 841 quod
1488 755 1742 841 attinet,
1766 778 1861 820 res
1884 755 2149 838 ferebat,
2183 766 2252 819 ut
2277 755 2461 823 hodie
2485 807 2506 845 ,

466 868 747 957 quaedam
770 868 835 932 in
856 867 1089 954 lapide,
1120 889 1240 932 aere
1262 917 1279 952 ‚
1302 868 1507 932 aliisve
1532 870 1831 953 metallis,
1864 881 1972 935 aut
1998 869 2065 932 in
2094 869 2265 955 ligno
2295 868 2505 959 (albos

467 982 726 1070 tabulis)
779 983 984 1048 scribi.
1030 981 1268 1046 Privato
1338 984 1534 1068 magis
1580 984 1721 1047 usui
1749 983 2087 1070 antiquitus
2126 967 2267 1047 folia
2314 980 2417 1070 1),
2447 993 2508 1047 et

461 1096 719 1161 interior
765 1106 969 1161 cortex
1021 1092 1263 1183 (liber)
1303 1096 1595 1159 arborum
1620 1096 2049 1181 quarundam,
2086 1106 2253 1182 post,
2294 1106 2510 1181 praeter

462 1210 580 1276 alia
611 1260 627 1293 ,
674 1211 740 1274 in
789 1210 1014 1297 quibus
1055 1209 1292 1292 linum,
1347 1209 1515 1273 uude
1565 1210 1709 1272 libri
1753 1211 1928 1274 lintei
1973 1206 2076 1298 2),
2134 1232 2396 1298 papyrus
2440 1205 2508 1296 3)

471 1324 796 1412 AEgyptius
854 1321 1148 1415 (βόβλος,
1215 1346 1478 1410 papyrus
1504 1373 1522 1406 ,
1590 1345 1848 1410 cyperus
1916 1346 2177 1410 papyrus
2242 1319 2508 1410 Linn.)‚

469 1437 678 1504 charta
708 1438 1067 1525 AEgyptiaca
1090 1486 1107 1519 ‚
1149 1438 1383 1502 Niliaca
1429 1433 1540 1523 4),
1589 1436 1948 1500 menbranae
1987 1435 2233 1525 (charta
2273 1438 2513 1522 Perga-

392 1554 403 1565 '
467 1570 691 1633 mena,
738 1547 1216 1638 parchemin),
1282 1560 1384 1632 et,
1459 1547 1768 1613 enatando
1823 1546 2339 1612 commodissimae
2392 1546 2513 1635 5),

473 1665 699 1729 tabulae
733 1665 956 1751 ligneas
993 1686 1133 1730 cera
1165 1664 1443 1728 obductae
1467 1713 1483 1746 ,
1522 1662 1748 1727 tabulae
1772 1711 1790 1746 ,
1823 1660 2026 1746 πίναξ,
2069 1685 2226 1729 cerae
2248 1712 2265 1745 ,
2303 1662 2514 1748 pugil-

464 1779 631 1862 lares
655 1778 745 1868 6).
787 1781 1135 1846 Posterioris
1158 1781 1351 1844 multo
1399 1801 1542 1844 usus
1571 1776 1777 1843 charta
1801 1777 2200 1864 bombycina3
2232 1777 2515 1841 omnium

469 1891 835 1978 novissima,
888 1915 1012 1979 qua
1061 1892 1246 1958 hodie
1304 1893 1583 1978 utimur,
1648 1893 1868 1956 saeculo
1933 1893 2081 1960 xlv
2134 1888 2251 1981 (?)
2316 1891 2515 1954 intro-

471 2005 658 2072 ducta
699 2004 792 2094 7).

466 2127 473 2134 '
557 2121 1047 2186 Instrumentum
1093 2121 1408 2185 scribentis
1432 2170 1449 2205 ‚
1502 2132 1573 2184 ut
1611 2122 1677 2184 in
1722 2119 1967 2184 duriore
1996 2121 2291 2202 materia,
2331 2121 2417 2184 sic
2447 2120 2516 2185 iu

471 2233 658 2316 ceris,
688 2235 876 2319 stylus
916 2230 941 2321 (
973 2235 1259 2309 γλυφιῒου,
1302 2233 1586 2312 γραφεῖον,
1621 2229 1950 2316 graphium
1975 2279 1992 2311 ,
2017 2213 2194 2294 Ovid.
2234 2227 2391 2295 Am.
2444 2233 2513 2304 1,

481 2351 558 2412 11
586 2392 605 2430 ‚
645 2342 840 2433 23.)‚
876 2346 1063 2409 altera
1087 2356 1257 2432 parte
1286 2354 1503 2408 acutus
1526 2391 1545 2429 ,
1590 2343 1805 2407 litteris
1852 2343 2208 2426 exarandis,
2252 2344 2374 2406 sive
2413 2343 2518 2407 in-

478 2457 795 2544 cidendis,
855 2481 994 2546 quae
1044 2460 1288 2545 propria
1338 2459 1426 2522 vis
1468 2457 1803 2523 verborum
1847 2458 2075 2540 γράφω
2126 2470 2185 2522 et
2213 2455 2514 2543 scribere',

479 2570 667 2638 altera
692 2574 910 2660 planus
930 2622 948 2657 ,
987 2571 1248 2638 delendo
1277 2584 1338 2638 et
1360 2572 1740 2659 laevigand03
1773 2596 1896 2663 quo
1921 2571 2184 2639 trahitur
2209 2573 2389 2637 litura
2422 2570 2513 2659 8).

475 2686 812 2774 Pingendis
855 2688 1071 2752 litteris
1112 2687 1400 2773 penicillo
1423 2735 1441 2770 ,
1488 2685 1554 2752 in
1593 2686 1974 2752 membranis
2005 2684 2517 2774 aliisquechartis

476 2803 663 2889 vulgo
711 2804 943 2867 calamo
990 2798 1256 2894 (δοήιξ),
1298 2800 1588 2888 AEgyptio
1638 2800 1903 2864 maxime
1952 2811 2058 2865 aut
2107 2800 2335 2867 Gnidio
2405 2800 2515 2888 9),

482 2915 683 2980 colore
741 2917 1106 3002 plerumque
1131 2915 1309 3000 nigro
1331 2925 1706 2998 ‚atramento
1749 2913 1997 2977 librario
2031 2909 2170 3000 10),
2207 2936 2329 3000 quo
2353 2915 2517 3002 sepia

481 3050 731 3117 quoque
777 3029 1095 3093 referenda
1152 3024 1303 3118 11),
1346 3028 1413 3093 in
1463 3029 1655 3094 titulis
1677 3050 1833 3114 saepe
1879 3027 2359 3111 rubro‚minio‚
2405 3051 2518 3092 ru-

486 3138 659 3205 brica
715 3138 858 3229 12),
903 3141 1235 3206 utebantur
1259 3189 1277 3223 ,
1326 3142 1437 3227 qui
1476 3140 1682 3206 medio
1713 3162 1838 3204 aevo
1875 3139 2296 3204 usitatissimus
2317 3139 2519 3224 majo-

489 3255 663 3319 ribus
712 3254 966 3337 litteris‚
1019 3254 1354 3340 praesertim
1413 3254 1480 3317 in
1530 3254 1803 3340 capitum
1871 3253 2087 3338 initio,
2146 3252 2515 3340 pingendis,

486 3364 776 3431 adhibitis
818 3368 952 3431 aliis
995 3388 1239 3454 quoque
1265 3378 1325 3432 et
1348 3367 1412 3431 in
1451 3367 1525 3431 iis
1553 3391 1703 3433 auro
1742 3379 1803 3433 et
1832 3380 2085 3455 argento
2107 3418 2124 3453 ‚
2150 3370 2271 3434 sive
2301 3369 2379 3433 ad
2400 3372 2510 3434 lit-

481 3493 638 3546 teras
680 3482 802 3544 sive
843 3462 1097 3545 omnino
1142 3480 1221 3545 ad
1269 3482 1636 3568 paginarum
1681 3496 1985 3550 ornatum.
2040 3486 2240 3550 Rubri
2283 3487 2511 3571 species

480 3606 880 3677 encaustum,
929 3593 1097 3665 unde
1139 3595 1499 3659 inelu'oetro
1549 3608 1612 3661 et
1669 3621 1857 3661 encre
1909 3594 2072 3683 13),
2125 3598 2512 3663 documentis

483 3706 933 3772 subscribendis
983 3706 1060 3771 ab
1105 3708 1584 3793 Imperatoribus
1628 3709 1900 3775 Orientis
1941 3723 2327 3797 usurpatum.
2381 3714 2513 3780 Ve-

483 3823 811 3889 tustissima
861 3834 1067 3888 autem
1113 3823 1490 3888 consuetudo
1539 3824 1818 3908 chartas,
1866 3826 2169 3890 firmitatis
2220 3810 2402 3891 simul
2451 3840 2513 3892 et

484 3934 697 4000 nitoris
734 3938 966 4022 gratia,
995 3937 1241 4024 pumice
1264 3937 1535 4023 poliendi
1560 3948 1622 4002 et
1645 3939 1827 4005 cedro
1857 3940 2180 4027 unguendi
2208 3941 2341 4029 14).

549 4117 600 4180 1)
637 4118 871 4185 envirg.
909 4123 1031 4174 AEn.
1065 4124 1126 4189 5,
1169 4122 1285 4175 4⁴4.
1317 4125 1454 4190 -2)
1499 4124 1607 4177 Liv.
1629 4126 1700 4191 X,
1724 4125 1892 4180 43.-
1916 4126 1971 4193 ὅ)
2012 4128 2218 4178 corticis
2256 4127 2358 4177 sive
2396 4126 2511 4177 libri
