<?xml version="1.0" encoding="UTF-8"?>
<!DOCTYPE html PUBLIC "-//W3C//DTD XHTML 1.0 Transitional//EN"
    "http://www.w3.org/TR/xhtml1/DTD/xhtml1-transitional.dtd">
<html xmlns="http://www.w3.org/1999/xhtml" xml:lang="en" lang="en">
 <head>
  <title>
</title>
<meta http-equiv="Content-Type" content="text/html;charset=utf-8" />
  <meta name='ocr-system' content='tesseract 3.04.00' />
  <meta name='ocr-capabilities' content='ocr_page ocr_carea ocr_par ocr_line ocrx_word'/>
</head>
<body>
  <div class='ocr_page' id='page_1' title='image "./antiquitatesrom00dirkgoog_0019.png"; bbox 0 0 3111 4829; ppageno 0'>
   <div class='ocr_carea' id='block_1_1' title="bbox 537 416 2663 3984">
    <p class='ocr_par' dir='ltr' id='par_1_1' title="bbox 538 416 1722 474">
     <span class='ocr_line' id='line_1_1' title="bbox 538 416 1722 474; baseline 0.007 -8"><span class='ocrx_word' id='word_1_1' title='bbox 538 416 605 466; x_wconf 72' lang='lat' dir='ltr'><strong>vr</strong></span> <span class='ocrx_word' id='word_1_2' title='bbox 1380 428 1722 474; x_wconf 60' lang='lat' dir='ltr'><strong>susurro.</strong></span> 
     </span>
    </p>

    <p class='ocr_par' dir='ltr' id='par_1_2' title="bbox 537 514 2663 2765">
     <span class='ocr_line' id='line_1_2' title="bbox 539 514 2548 617; baseline 0.01 -41"><span class='ocrx_word' id='word_1_3' title='bbox 539 514 842 601; x_wconf 84' lang='lat' dir='ltr'><strong>plerisque</strong></span> <span class='ocrx_word' id='word_1_4' title='bbox 884 528 945 580; x_wconf 90' lang='lat' dir='ltr'><strong>et</strong></span> <span class='ocrx_word' id='word_1_5' title='bbox 985 518 1189 583; x_wconf 87' lang='lat' dir='ltr'><strong>latinis</strong></span> <span class='ocrx_word' id='word_1_6' title='bbox 1231 521 1462 585; x_wconf 76' lang='lat' dir='ltr'><strong>etaliis</strong></span> <span class='ocrx_word' id='word_1_7' title='bbox 1500 523 2013 610; x_wconf 75' lang='lat' dir='ltr'><strong>anteferendum,</strong></span> <span class='ocrx_word' id='word_1_8' title='bbox 2048 528 2292 594; x_wconf 84' lang='lat' dir='ltr'><strong>Cellarii</strong></span> <span class='ocrx_word' id='word_1_9' title='bbox 2340 540 2548 617; x_wconf 85' lang='lat' dir='ltr'><strong>autem</strong></span> 
     </span>
     <span class='ocr_line' id='line_1_3' title="bbox 539 627 2551 723; baseline 0.009 -34"><span class='ocrx_word' id='word_1_10' title='bbox 539 627 932 714; x_wconf 85' lang='lat' dir='ltr'><strong>compendio,</strong></span> <span class='ocrx_word' id='word_1_11' title='bbox 973 631 1025 696; x_wconf 89' lang='lat' dir='ltr'><strong>si</strong></span> <span class='ocrx_word' id='word_1_12' title='bbox 1051 632 1203 719; x_wconf 88' lang='lat' dir='ltr'><strong>quid</strong></span> <span class='ocrx_word' id='word_1_13' title='bbox 1230 633 1623 718; x_wconf 82' lang='lat' dir='ltr'><strong>judicamus,</strong></span> <span class='ocrx_word' id='word_1_14' title='bbox 1663 636 1748 703; x_wconf 85' lang='lat' dir='ltr'><strong>ita</strong></span> <span class='ocrx_word' id='word_1_15' title='bbox 1784 649 2107 723; x_wconf 63' lang='lat' dir='ltr'><strong>praestans,</strong></span> <span class='ocrx_word' id='word_1_16' title='bbox 2152 652 2221 706; x_wconf 89' lang='lat' dir='ltr'><strong>ut</strong></span> <span class='ocrx_word' id='word_1_17' title='bbox 2251 643 2551 708; x_wconf 90' lang='lat' dir='ltr'><strong>miremur</strong></span> 
     </span>
     <span class='ocr_line' id='line_1_4' title="bbox 539 738 2547 840; baseline 0.009 -37"><span class='ocrx_word' id='word_1_18' title='bbox 539 738 711 817; x_wconf 83' lang='lat' dir='ltr'><strong>hunc</strong></span> <span class='ocrx_word' id='word_1_19' title='bbox 738 743 937 827; x_wconf 85' lang='lat' dir='ltr'><strong>potius</strong></span> <span class='ocrx_word' id='word_1_20' title='bbox 964 767 1151 832; x_wconf 88' lang='lat' dir='ltr'><strong>quam</strong></span> <span class='ocrx_word' id='word_1_21' title='bbox 1180 746 1647 833; x_wconf 88' lang='lat' dir='ltr'><strong>Nieupoortium</strong></span> <span class='ocrx_word' id='word_1_22' title='bbox 1669 771 1824 816; x_wconf 81' lang='lat' dir='ltr'><strong>nova</strong></span> <span class='ocrx_word' id='word_1_23' title='bbox 1841 752 1980 818; x_wconf 86' lang='lat' dir='ltr'><strong>luce</strong></span> <span class='ocrx_word' id='word_1_24' title='bbox 2002 775 2203 840; x_wconf 84' lang='lat' dir='ltr'>nuper</span> <span class='ocrx_word' id='word_1_25' title='bbox 2222 777 2258 819; x_wconf 87' lang='lat' dir='ltr'><strong>a</strong></span> <span class='ocrx_word' id='word_1_26' title='bbox 2278 755 2430 823; x_wconf 88' lang='lat' dir='ltr'><strong>Viro</strong></span> <span class='ocrx_word' id='word_1_27' title='bbox 2455 756 2547 822; x_wconf 86' lang='lat' dir='ltr'><strong>cl.</strong></span> 
     </span>
     <span class='ocr_line' id='line_1_5' title="bbox 540 853 2552 954; baseline 0.009 -37"><span class='ocrx_word' id='word_1_28' title='bbox 540 853 853 923; x_wconf 87' lang='lat' dir='ltr'><strong>donatum.</strong></span> <span class='ocrx_word' id='word_1_29' title='bbox 887 858 1099 946; x_wconf 85' lang='lat' dir='ltr'><strong>Neque</strong></span> <span class='ocrx_word' id='word_1_30' title='bbox 1117 872 1323 925; x_wconf 88' lang='lat' dir='ltr'><strong>tamen</strong></span> <span class='ocrx_word' id='word_1_31' title='bbox 1343 862 1720 950; x_wconf 84' lang='lat' dir='ltr'><strong>Nieupoortii</strong></span> <span class='ocrx_word' id='word_1_32' title='bbox 1739 865 2018 931; x_wconf 89' lang='lat' dir='ltr'><strong>libellum</strong></span> <span class='ocrx_word' id='word_1_33' title='bbox 2043 878 2151 932; x_wconf 89' lang='lat' dir='ltr'><strong>aut</strong></span> <span class='ocrx_word' id='word_1_34' title='bbox 2174 870 2516 954; x_wconf 72' lang='lat' dir='ltr'><strong>perfectum</strong></span> <span class='ocrx_word' id='word_1_35' title='bbox 2534 919 2552 954; x_wconf 89' lang='lat'>,</span> 
     </span>
     <span class='ocr_line' id='line_1_6' title="bbox 540 972 2552 1067; baseline 0.007 -35"><span class='ocrx_word' id='word_1_36' title='bbox 540 979 646 1033; x_wconf 83' lang='lat' dir='ltr'><strong>aut</strong></span> <span class='ocrx_word' id='word_1_37' title='bbox 669 972 849 1036; x_wconf 88' lang='lat' dir='ltr'><strong>talem</strong></span> <span class='ocrx_word' id='word_1_38' title='bbox 870 994 995 1038; x_wconf 87' lang='lat' dir='ltr'><strong>esse</strong></span> <span class='ocrx_word' id='word_1_39' title='bbox 1017 985 1331 1060; x_wconf 85' lang='lat' dir='ltr'><strong>putamus,</strong></span> <span class='ocrx_word' id='word_1_40' title='bbox 1353 980 1602 1064; x_wconf 87' lang='lat' dir='ltr'><strong>qualem</strong></span> <span class='ocrx_word' id='word_1_41' title='bbox 1629 980 1841 1067; x_wconf 72' lang='lat' dir='ltr'><strong>siquis</strong></span> <span class='ocrx_word' id='word_1_42' title='bbox 1867 993 2067 1048; x_wconf 86' lang='lat' dir='ltr'><strong>nostra</strong></span> <span class='ocrx_word' id='word_1_43' title='bbox 2088 993 2264 1048; x_wconf 82' lang='lat' dir='ltr'><strong>aetate</strong></span> <span class='ocrx_word' id='word_1_44' title='bbox 2284 985 2552 1053; x_wconf 76' lang='lat' dir='ltr'><strong>conscri-</strong></span> 
     </span>
     <span class='ocr_line' id='line_1_7' title="bbox 538 1081 2556 1182; baseline 0.007 -36"><span class='ocrx_word' id='word_1_45' title='bbox 538 1081 742 1166; x_wconf 87' lang='lat' dir='ltr'><strong>beret,</strong></span> <span class='ocrx_word' id='word_1_46' title='bbox 765 1107 1051 1170; x_wconf 80' lang='lat' dir='ltr'><strong>magnam</strong></span> <span class='ocrx_word' id='word_1_47' title='bbox 1074 1088 1320 1155; x_wconf 86' lang='lat' dir='ltr'><strong>laudem</strong></span> <span class='ocrx_word' id='word_1_48' title='bbox 1337 1093 1848 1158; x_wconf 78' lang='lat' dir='ltr'><strong>mereretur‚1mo</strong></span> <span class='ocrx_word' id='word_1_49' title='bbox 1865 1095 2058 1159; x_wconf 87' lang='lat' dir='ltr'><strong>multa</strong></span> <span class='ocrx_word' id='word_1_50' title='bbox 2080 1094 2148 1159; x_wconf 89' lang='lat' dir='ltr'><strong>in</strong></span> <span class='ocrx_word' id='word_1_51' title='bbox 2172 1096 2277 1159; x_wconf 92' lang='lat' dir='ltr'><strong>illo</strong></span> <span class='ocrx_word' id='word_1_52' title='bbox 2301 1117 2556 1182; x_wconf 89' lang='lat' dir='ltr'><strong>quoque</strong></span> 
     </span>
     <span class='ocr_line' id='line_1_8' title="bbox 539 1197 2558 1295; baseline 0.007 -35"><span class='ocrx_word' id='word_1_53' title='bbox 539 1197 832 1263; x_wconf 84' lang='lat' dir='ltr'><strong>mutanda</strong></span> <span class='ocrx_word' id='word_1_54' title='bbox 858 1247 875 1283; x_wconf 87' lang='lat'>,</span> <span class='ocrx_word' id='word_1_55' title='bbox 917 1202 1110 1267; x_wconf 89' lang='lat' dir='ltr'><strong>multa</strong></span> <span class='ocrx_word' id='word_1_56' title='bbox 1140 1204 1486 1269; x_wconf 81' lang='lat' dir='ltr'>accuratius</span> <span class='ocrx_word' id='word_1_57' title='bbox 1514 1204 1796 1291; x_wconf 88' lang='lat' dir='ltr'><strong>ponenda</strong></span> <span class='ocrx_word' id='word_1_58' title='bbox 1814 1255 1831 1290; x_wconf 89' lang='lat'><strong>,</strong></span> <span class='ocrx_word' id='word_1_59' title='bbox 1855 1207 2049 1273; x_wconf 87' lang='lat' dir='ltr'><strong>multa</strong></span> <span class='ocrx_word' id='word_1_60' title='bbox 2071 1206 2352 1274; x_wconf 88' lang='lat' dir='ltr'><strong>addenda</strong></span> <span class='ocrx_word' id='word_1_61' title='bbox 2377 1231 2558 1295; x_wconf 85' lang='lat' dir='ltr'><strong>repe-</strong></span> 
     </span>
     <span class='ocr_line' id='line_1_9' title="bbox 539 1308 2556 1409; baseline 0.005 -33"><span class='ocrx_word' id='word_1_62' title='bbox 539 1311 688 1376; x_wconf 88' lang='lat' dir='ltr'><strong>rires</strong></span> <span class='ocrx_word' id='word_1_63' title='bbox 711 1308 828 1403; x_wconf 64' lang='lat'>(*).</span> <span class='ocrx_word' id='word_1_64' title='bbox 862 1316 997 1400; x_wconf 87' lang='lat' dir='ltr'><strong>Ego</strong></span> <span class='ocrx_word' id='word_1_65' title='bbox 1036 1327 1246 1379; x_wconf 84' lang='lat' dir='ltr'><strong>autem</strong></span> <span class='ocrx_word' id='word_1_66' title='bbox 1285 1316 1605 1403; x_wconf 61' lang='lat' dir='ltr'><strong>dubitanti,</strong></span> <span class='ocrx_word' id='word_1_67' title='bbox 1634 1319 1938 1386; x_wconf 80' lang='lat' dir='ltr'>meliusne</span> <span class='ocrx_word' id='word_1_68' title='bbox 1968 1332 2156 1405; x_wconf 86' lang='lat' dir='ltr'><strong>esset,</strong></span> <span class='ocrx_word' id='word_1_69' title='bbox 2175 1322 2556 1409; x_wconf 84' lang='lat' dir='ltr'><strong>Nieupoortii</strong></span> 
     </span>
     <span class='ocr_line' id='line_1_10' title="bbox 538 1424 2556 1519; baseline 0.007 -32"><span class='ocrx_word' id='word_1_70' title='bbox 538 1446 759 1488; x_wconf 86' lang='lat' dir='ltr'><strong>novam</strong></span> <span class='ocrx_word' id='word_1_71' title='bbox 789 1424 1119 1497; x_wconf 71' lang='lat' dir='ltr'><strong>editionem</strong></span> <span class='ocrx_word' id='word_1_72' title='bbox 1147 1429 1437 1515; x_wconf 65' lang='lat' dir='ltr'><strong>vulgare,</strong></span> <span class='ocrx_word' id='word_1_73' title='bbox 1467 1442 1810 1516; x_wconf 84' lang='lat' dir='ltr'><strong>postremo,</strong></span> <span class='ocrx_word' id='word_1_74' title='bbox 1844 1455 1926 1498; x_wconf 89' lang='lat' dir='ltr'><strong>ne</strong></span> <span class='ocrx_word' id='word_1_75' title='bbox 1976 1432 2042 1497; x_wconf 90' lang='lat' dir='ltr'><strong>id</strong></span> <span class='ocrx_word' id='word_1_76' title='bbox 2085 1435 2350 1500; x_wconf 77' lang='lat' dir='ltr'><strong>facerem</strong></span> <span class='ocrx_word' id='word_1_77' title='bbox 2373 1484 2392 1519; x_wconf 86' lang='lat'>,</span> <span class='ocrx_word' id='word_1_78' title='bbox 2439 1433 2556 1502; x_wconf 83' lang='lat' dir='ltr'><strong>hac</strong></span> 
     </span>
     <span class='ocr_line' id='line_1_11' title="bbox 539 1537 2556 1635; baseline 0.008 -36"><span class='ocrx_word' id='word_1_79' title='bbox 539 1537 802 1602; x_wconf 82' lang='lat' dir='ltr'><strong>maximo</strong></span> <span class='ocrx_word' id='word_1_80' title='bbox 827 1541 1209 1624; x_wconf 80' lang='lat' dir='ltr'><strong>persuasione</strong></span> <span class='ocrx_word' id='word_1_81' title='bbox 1231 1554 1575 1608; x_wconf 82' lang='lat' dir='ltr'><strong>commotus</strong></span> <span class='ocrx_word' id='word_1_82' title='bbox 1604 1566 1743 1609; x_wconf 87' lang='lat' dir='ltr'><strong>sum</strong></span> <span class='ocrx_word' id='word_1_83' title='bbox 1764 1594 1782 1629; x_wconf 83' lang='lat'><strong>,</strong></span> <span class='ocrx_word' id='word_1_84' title='bbox 1802 1568 2003 1611; x_wconf 88' lang='lat' dir='ltr'><strong>meam</strong></span> <span class='ocrx_word' id='word_1_85' title='bbox 2028 1547 2260 1613; x_wconf 86' lang='lat' dir='ltr'><strong>scilicet</strong></span> <span class='ocrx_word' id='word_1_86' title='bbox 2286 1570 2556 1635; x_wconf 81' lang='lat' dir='ltr'><strong>operam,</strong></span> 
     </span>
     <span class='ocr_line' id='line_1_12' title="bbox 540 1651 2553 1749; baseline 0.007 -36"><span class='ocrx_word' id='word_1_87' title='bbox 540 1651 651 1715; x_wconf 84' lang='lat' dir='ltr'><strong>etsi</strong></span> <span class='ocrx_word' id='word_1_88' title='bbox 695 1652 1091 1739; x_wconf 72' lang='lat' dir='ltr'><strong>inferiorem,</strong></span> <span class='ocrx_word' id='word_1_89' title='bbox 1123 1678 1292 1742; x_wconf 86' lang='lat' dir='ltr'><strong>posse</strong></span> <span class='ocrx_word' id='word_1_90' title='bbox 1332 1667 1540 1723; x_wconf 87' lang='lat' dir='ltr'><strong>tamen</strong></span> <span class='ocrx_word' id='word_1_91' title='bbox 1583 1657 2002 1743; x_wconf 75' lang='lat' dir='ltr'><strong>auditoribus,</strong></span> <span class='ocrx_word' id='word_1_92' title='bbox 2047 1683 2150 1725; x_wconf 89' lang='lat' dir='ltr'><strong>me</strong></span> <span class='ocrx_word' id='word_1_93' title='bbox 2191 1661 2553 1749; x_wconf 88' lang='lat' dir='ltr'><strong>interprete,</strong></span> 
     </span>
     <span class='ocr_line' id='line_1_13' title="bbox 542 1766 2663 1858; baseline 0.005 -28"><span class='ocrx_word' id='word_1_94' title='bbox 542 1766 846 1833; x_wconf 77' lang='lat' dir='ltr'><strong>utiliorem</strong></span> <span class='ocrx_word' id='word_1_95' title='bbox 916 1790 1072 1855; x_wconf 83' lang='lat' dir='ltr'><strong>esse,</strong></span> <span class='ocrx_word' id='word_1_96' title='bbox 1132 1794 1320 1858; x_wconf 89' lang='lat' dir='ltr'><strong>quam</strong></span> <span class='ocrx_word' id='word_1_97' title='bbox 1367 1773 1418 1836; x_wconf 91' lang='lat' dir='ltr'><strong>si</strong></span> <span class='ocrx_word' id='word_1_98' title='bbox 1463 1772 1947 1841; x_wconf 87' lang='lat' dir='ltr'><strong>accommodatas</strong></span> <span class='ocrx_word' id='word_1_99' title='bbox 1996 1775 2089 1839; x_wconf 91' lang='lat' dir='ltr'><strong>illi</strong></span> <span class='ocrx_word' id='word_1_100' title='bbox 2136 1776 2425 1841; x_wconf 86' lang='lat' dir='ltr'><strong>lectiones</strong></span> <span class='ocrx_word' id='word_1_101' title='bbox 2475 1774 2555 1840; x_wconf 88' lang='lat' dir='ltr'><strong>ad</strong></span> <span class='ocrx_word' id='word_1_102' title='bbox 2657 1847 2663 1854; x_wconf 51' lang='grc'>,</span> 
     </span>
     <span class='ocr_line' id='line_1_14' title="bbox 540 1880 2557 1973; baseline 0.005 -30"><span class='ocrx_word' id='word_1_103' title='bbox 540 1880 787 1945; x_wconf 87' lang='lat' dir='ltr'><strong>alterius</strong></span> <span class='ocrx_word' id='word_1_104' title='bbox 815 1904 1094 1949; x_wconf 88' lang='lat' dir='ltr'><strong>normam</strong></span> <span class='ocrx_word' id='word_1_105' title='bbox 1117 1885 1504 1972; x_wconf 84' lang='lat' dir='ltr'><strong>refingerem.</strong></span> <span class='ocrx_word' id='word_1_106' title='bbox 1533 1887 1669 1951; x_wconf 83' lang='lat' dir='ltr'><strong>Meo</strong></span> <span class='ocrx_word' id='word_1_107' title='bbox 1698 1908 1922 1973; x_wconf 86' lang='lat' dir='ltr'><strong>nempe</strong></span> <span class='ocrx_word' id='word_1_108' title='bbox 1950 1888 2127 1972; x_wconf 87' lang='lat' dir='ltr'><strong>usui,</strong></span> <span class='ocrx_word' id='word_1_109' title='bbox 2148 1890 2302 1954; x_wconf 89' lang='lat' dir='ltr'><strong>meis</strong></span> <span class='ocrx_word' id='word_1_110' title='bbox 2328 1889 2557 1955; x_wconf 86' lang='lat' dir='ltr'><strong>lectio-</strong></span> 
     </span>
     <span class='ocr_line' id='line_1_15' title="bbox 540 1990 2554 2088; baseline 0.005 -32"><span class='ocrx_word' id='word_1_111' title='bbox 540 1993 725 2058; x_wconf 89' lang='lat' dir='ltr'><strong>nibus</strong></span> <span class='ocrx_word' id='word_1_112' title='bbox 758 1998 1054 2062; x_wconf 81' lang='lat' dir='ltr'><strong>vacaturis</strong></span> <span class='ocrx_word' id='word_1_113' title='bbox 1099 1997 1286 2067; x_wconf 86' lang='lat' dir='ltr'><strong>hocce</strong></span> <span class='ocrx_word' id='word_1_114' title='bbox 1322 2001 1690 2087; x_wconf 87' lang='lat' dir='ltr'><strong>opusculum</strong></span> <span class='ocrx_word' id='word_1_115' title='bbox 1733 2012 1796 2067; x_wconf 86' lang='lat' dir='ltr'><strong>et</strong></span> <span class='ocrx_word' id='word_1_116' title='bbox 1836 1990 2045 2088; x_wconf 83' lang='lat' dir='ltr'><strong>scripsi</strong></span> <span class='ocrx_word' id='word_1_117' title='bbox 2085 2013 2147 2068; x_wconf 92' lang='lat' dir='ltr'><strong>et</strong></span> <span class='ocrx_word' id='word_1_118' title='bbox 2184 2003 2320 2070; x_wconf 92' lang='lat' dir='ltr'><strong>edo.</strong></span> <span class='ocrx_word' id='word_1_119' title='bbox 2356 2004 2466 2069; x_wconf 83' lang='lat' dir='ltr'><strong>His</strong></span> <span class='ocrx_word' id='word_1_120' title='bbox 2503 2004 2554 2068; x_wconf 91' lang='lat' dir='ltr'><strong>si</strong></span> 
     </span>
     <span class='ocr_line' id='line_1_16' title="bbox 538 2106 2552 2207; baseline 0.005 -35"><span class='ocrx_word' id='word_1_121' title='bbox 538 2106 698 2173; x_wconf 86' lang='lat' dir='ltr'><strong>bene</strong></span> <span class='ocrx_word' id='word_1_122' title='bbox 723 2112 1116 2197; x_wconf 88' lang='lat' dir='ltr'><strong>consuluero,</strong></span> <span class='ocrx_word' id='word_1_123' title='bbox 1152 2114 1294 2179; x_wconf 85' lang='lat' dir='ltr'><strong>satis</strong></span> <span class='ocrx_word' id='word_1_124' title='bbox 1314 2136 1415 2180; x_wconf 92' lang='lat' dir='ltr'><strong>me</strong></span> <span class='ocrx_word' id='word_1_125' title='bbox 1445 2126 1905 2182; x_wconf 87' lang='lat' dir='ltr'><strong>remuneratum</strong></span> <span class='ocrx_word' id='word_1_126' title='bbox 1934 2112 2078 2207; x_wconf 42' lang='grc' dir='ltr'><strong>(ἢ)</strong></span> <span class='ocrx_word' id='word_1_127' title='bbox 2117 2115 2352 2183; x_wconf 89' lang='lat' dir='ltr'><strong>habebo</strong></span> <span class='ocrx_word' id='word_1_128' title='bbox 2371 2166 2390 2202; x_wconf 91' lang='lat'>‚</span> <span class='ocrx_word' id='word_1_129' title='bbox 2437 2140 2552 2182; x_wconf 90' lang='lat' dir='ltr'><strong>nec</strong></span> 
     </span>
     <span class='ocr_line' id='line_1_17' title="bbox 537 2220 2552 2320; baseline 0.005 -34"><span class='ocrx_word' id='word_1_130' title='bbox 537 2223 731 2288; x_wconf 91' lang='lat' dir='ltr'><strong>labori</strong></span> <span class='ocrx_word' id='word_1_131' title='bbox 760 2225 1101 2313; x_wconf 83' lang='lat' dir='ltr'><strong>quidquam</strong></span> <span class='ocrx_word' id='word_1_132' title='bbox 1137 2220 1427 2315; x_wconf 69' lang='lat' dir='ltr'><strong>praeterea</strong></span> <span class='ocrx_word' id='word_1_133' title='bbox 1454 2229 1653 2295; x_wconf 84' lang='lat' dir='ltr'><strong>laudis</strong></span> <span class='ocrx_word' id='word_1_134' title='bbox 1681 2240 1789 2296; x_wconf 88' lang='lat' dir='ltr'><strong>aut</strong></span> <span class='ocrx_word' id='word_1_135' title='bbox 1824 2253 1998 2317; x_wconf 87' lang='lat' dir='ltr'><strong>spero</strong></span> <span class='ocrx_word' id='word_1_136' title='bbox 2019 2242 2128 2298; x_wconf 87' lang='lat' dir='ltr'><strong>aut</strong></span> <span class='ocrx_word' id='word_1_137' title='bbox 2146 2232 2330 2318; x_wconf 89' lang='lat' dir='ltr'><strong>cupio</strong></span> <span class='ocrx_word' id='word_1_138' title='bbox 2354 2256 2373 2316; x_wconf 80' lang='lat'><em>3</em></span> <span class='ocrx_word' id='word_1_139' title='bbox 2412 2254 2552 2320; x_wconf 82' lang='lat' dir='ltr'><strong>quae</strong></span> 
     </span>
     <span class='ocr_line' id='line_1_18' title="bbox 540 2337 2562 2435; baseline 0.003 -35"><span class='ocrx_word' id='word_1_140' title='bbox 540 2337 591 2400; x_wconf 84' lang='lat' dir='ltr'><strong>si</strong></span> <span class='ocrx_word' id='word_1_141' title='bbox 610 2338 895 2403; x_wconf 80' lang='lat' dir='ltr'><strong>scribenti</strong></span> <span class='ocrx_word' id='word_1_142' title='bbox 927 2343 1224 2429; x_wconf 82' lang='lat' dir='ltr'><strong>proposita</strong></span> <span class='ocrx_word' id='word_1_143' title='bbox 1261 2344 1507 2430; x_wconf 84' lang='lat' dir='ltr'><strong>fuisset,</strong></span> <span class='ocrx_word' id='word_1_144' title='bbox 1537 2368 1684 2411; x_wconf 87' lang='lat' dir='ltr'><strong>sane</strong></span> <span class='ocrx_word' id='word_1_145' title='bbox 1706 2346 1913 2412; x_wconf 87' lang='lat' dir='ltr'><strong>omnia</strong></span> <span class='ocrx_word' id='word_1_146' title='bbox 1946 2347 2146 2434; x_wconf 90' lang='lat' dir='ltr'><strong>potius</strong></span> <span class='ocrx_word' id='word_1_147' title='bbox 2167 2370 2354 2435; x_wconf 87' lang='lat' dir='ltr'><strong>quam</strong></span> <span class='ocrx_word' id='word_1_148' title='bbox 2376 2347 2562 2412; x_wconf 49' lang='lat' dir='ltr'><strong>anti-¹</strong></span> 
     </span>
     <span class='ocr_line' id='line_1_19' title="bbox 543 2451 2560 2548; baseline 0.006 -35"><span class='ocrx_word' id='word_1_149' title='bbox 543 2451 853 2536; x_wconf 78' lang='lat' dir='ltr'><strong>quitatum</strong></span> <span class='ocrx_word' id='word_1_150' title='bbox 882 2456 1324 2542; x_wconf 84' lang='lat' dir='ltr'><strong>compendium</strong></span> <span class='ocrx_word' id='word_1_151' title='bbox 1349 2459 1718 2545; x_wconf 79' lang='lat' dir='ltr'><strong>scripsissem</strong></span> <span class='ocrx_word' id='word_1_152' title='bbox 1739 2487 1757 2547; x_wconf 80' lang='lat'><em>3</em></span> <span class='ocrx_word' id='word_1_153' title='bbox 1777 2484 1983 2548; x_wconf 85' lang='lat' dir='ltr'><strong>neque</strong></span> <span class='ocrx_word' id='word_1_154' title='bbox 2024 2483 2163 2530; x_wconf 81' lang='lat' dir='ltr'><strong>vero</strong></span> <span class='ocrx_word' id='word_1_155' title='bbox 2191 2461 2352 2527; x_wconf 80' lang='lat' dir='ltr'><strong>mihi</strong></span> <span class='ocrx_word' id='word_1_156' title='bbox 2371 2481 2560 2526; x_wconf 91' lang='lat' dir='ltr'><strong>com—</strong></span> 
     </span>
     <span class='ocr_line' id='line_1_20' title="bbox 540 2564 2558 2658; baseline 0.004 -32"><span class='ocrx_word' id='word_1_157' title='bbox 540 2564 803 2648; x_wconf 85' lang='lat' dir='ltr'><strong>positum</strong></span> <span class='ocrx_word' id='word_1_158' title='bbox 830 2566 964 2631; x_wconf 89' lang='lat' dir='ltr'><strong>aliis</strong></span> <span class='ocrx_word' id='word_1_159' title='bbox 983 2569 1287 2654; x_wconf 81' lang='lat' dir='ltr'><strong>magistris</strong></span> <span class='ocrx_word' id='word_1_160' title='bbox 1308 2571 1808 2638; x_wconf 87' lang='lat' dir='ltr'><strong>commendatum</strong></span> <span class='ocrx_word' id='word_1_161' title='bbox 1831 2575 1993 2656; x_wconf 82' lang='lat' dir='ltr'><strong>volo;</strong></span> <span class='ocrx_word' id='word_1_162' title='bbox 2015 2583 2074 2636; x_wconf 91' lang='lat' dir='ltr'><strong>et</strong></span> <span class='ocrx_word' id='word_1_163' title='bbox 2096 2574 2296 2656; x_wconf 61' lang='lat' dir='ltr'><strong>facile,</strong></span> <span class='ocrx_word' id='word_1_164' title='bbox 2319 2573 2558 2658; x_wconf 86' lang='lat' dir='ltr'><strong>opinor,</strong></span> 
     </span>
     <span class='ocr_line' id='line_1_21' title="bbox 541 2681 1742 2765; baseline 0.007 -24"><span class='ocrx_word' id='word_1_165' title='bbox 541 2699 680 2763; x_wconf 84' lang='lat' dir='ltr'><strong>quae</strong></span> <span class='ocrx_word' id='word_1_166' title='bbox 708 2690 1041 2765; x_wconf 85' lang='lat' dir='ltr'><strong>sequantur</strong></span> <span class='ocrx_word' id='word_1_167' title='bbox 1059 2729 1076 2763; x_wconf 90' lang='lat'><strong>‚</strong></span> <span class='ocrx_word' id='word_1_168' title='bbox 1106 2681 1356 2747; x_wconf 87' lang='lat' dir='ltr'><strong>meliora</strong></span> <span class='ocrx_word' id='word_1_169' title='bbox 1377 2682 1712 2752; x_wconf 81' lang='lat' dir='ltr'><strong>invenient.</strong></span> <span class='ocrx_word' id='word_1_170' title='bbox 1731 2718 1742 2729; x_wconf 88' lang='lat'><strong>·</strong></span> 
     </span>
    </p>

    <p class='ocr_par' dir='ltr' id='par_1_3' title="bbox 540 2791 2565 3354">
     <span class='ocr_line' id='line_1_22' title="bbox 629 2791 2559 2878; baseline 0.001 -23"><span class='ocrx_word' id='word_1_171' title='bbox 629 2791 1030 2876; x_wconf 87' lang='lat' dir='ltr'><strong>Exposuimus</strong></span> <span class='ocrx_word' id='word_1_172' title='bbox 1055 2792 1248 2857; x_wconf 84' lang='lat' dir='ltr'><strong>libelli</strong></span> <span class='ocrx_word' id='word_1_173' title='bbox 1285 2794 1473 2857; x_wconf 88' lang='lat' dir='ltr'><strong>nostri</strong></span> <span class='ocrx_word' id='word_1_174' title='bbox 1496 2793 1803 2859; x_wconf 86' lang='lat' dir='ltr'><strong>scribendi</strong></span> <span class='ocrx_word' id='word_1_175' title='bbox 1826 2794 2243 2860; x_wconf 86' lang='lat' dir='ltr'><strong>necessitatem</strong></span> <span class='ocrx_word' id='word_1_176' title='bbox 2268 2843 2286 2878; x_wconf 90' lang='lat'>,</span> <span class='ocrx_word' id='word_1_177' title='bbox 2320 2805 2426 2860; x_wconf 89' lang='lat' dir='ltr'><strong>aut</strong></span> <span class='ocrx_word' id='word_1_178' title='bbox 2450 2843 2470 2878; x_wconf 86' lang='lat'>,</span> <span class='ocrx_word' id='word_1_179' title='bbox 2506 2794 2559 2858; x_wconf 91' lang='lat' dir='ltr'><strong>si</strong></span> 
     </span>
     <span class='ocr_line' id='line_1_23' title="bbox 541 2925 2557 2993; baseline 0.002 -19"><span class='ocrx_word' id='word_1_180' title='bbox 541 2925 667 2974; x_wconf 88' lang='lat' dir='ltr'><strong>tium</strong></span> <span class='ocrx_word' id='word_1_181' title='bbox 699 2925 874 2989; x_wconf 83' lang='lat' dir='ltr'><strong>u‘tique</strong></span> <span class='ocrx_word' id='word_1_182' title='bbox 895 2926 1084 2989; x_wconf 85' lang='lat' dir='ltr'><strong>liquide</strong></span> <span class='ocrx_word' id='word_1_183' title='bbox 1102 2926 1330 2991; x_wconf 82' lang='lat' dir='ltr'><strong>polliceri</strong></span> <span class='ocrx_word' id='word_1_184' title='bbox 1353 2965 1370 2992; x_wconf 90' lang='lat'>,</span> <span class='ocrx_word' id='word_1_185' title='bbox 1392 2928 1529 2992; x_wconf 83' lang='lat' dir='ltr'><strong>quod</strong></span> <span class='ocrx_word' id='word_1_186' title='bbox 1549 2928 1670 2978; x_wconf 78' lang='lat' dir='ltr'><strong>dare</strong></span> <span class='ocrx_word' id='word_1_187' title='bbox 1697 2929 1819 2978; x_wconf 73' lang='lat' dir='ltr'><strong>velit</strong></span> <span class='ocrx_word' id='word_1_188' title='bbox 1834 2942 1850 2993; x_wconf 91' lang='lat'>;</span> <span class='ocrx_word' id='word_1_189' title='bbox 1880 2929 1969 2993; x_wconf 79' lang='lat' dir='ltr'><strong>qui</strong></span> <span class='ocrx_word' id='word_1_190' title='bbox 2002 2929 2284 2979; x_wconf 79' lang='lat' dir='ltr'><strong>universam</strong></span> <span class='ocrx_word' id='word_1_191' title='bbox 2314 2929 2557 2979; x_wconf 73' lang='lat' dir='ltr'><strong>Romano-</strong></span> 
     </span>
     <span class='ocr_line' id='line_1_24' title="bbox 543 3016 2562 3084; baseline 0.002 -21"><span class='ocrx_word' id='word_1_192' title='bbox 543 3032 654 3065; x_wconf 85' lang='lat' dir='ltr'><strong>rum</strong></span> <span class='ocrx_word' id='word_1_193' title='bbox 690 3016 1036 3080; x_wconf 85' lang='lat' dir='ltr'><strong>antiquitatcm</strong></span> <span class='ocrx_word' id='word_1_194' title='bbox 1074 3022 1334 3067; x_wconf 80' lang='lat' dir='ltr'><strong>tractatam</strong></span> <span class='ocrx_word' id='word_1_195' title='bbox 1373 3018 1702 3083; x_wconf 67' lang='lat' dir='ltr'><strong>polliceantur</strong></span> <span class='ocrx_word' id='word_1_196' title='bbox 1722 3054 1739 3084; x_wconf 90' lang='lat'><strong>‚</strong></span> <span class='ocrx_word' id='word_1_197' title='bbox 1777 3018 1908 3068; x_wconf 85' lang='lat' dir='ltr'><strong>iutra</strong></span> <span class='ocrx_word' id='word_1_198' title='bbox 1946 3018 2334 3068; x_wconf 79' lang='lat' dir='ltr'><strong>mediocritatem</strong></span> <span class='ocrx_word' id='word_1_199' title='bbox 2373 3019 2562 3068; x_wconf 79' lang='lat' dir='ltr'><strong>bucus-</strong></span> 
     </span>
     <span class='ocr_line' id='line_1_25' title="bbox 542 3109 2565 3176; baseline 0.001 -21"><span class='ocrx_word' id='word_1_200' title='bbox 542 3124 642 3171; x_wconf 87' lang='lat' dir='ltr'><strong>que</strong></span> <span class='ocrx_word' id='word_1_201' title='bbox 679 3109 886 3159; x_wconf 81' lang='lat' dir='ltr'><strong>stetisse.</strong></span> <span class='ocrx_word' id='word_1_202' title='bbox 912 3110 1053 3158; x_wconf 87' lang='lat' dir='ltr'><strong>Idem</strong></span> <span class='ocrx_word' id='word_1_203' title='bbox 1089 3111 1424 3161; x_wconf 87' lang='lat' dir='ltr'><strong>Beausortium</strong></span> <span class='ocrx_word' id='word_1_204' title='bbox 1442 3110 1623 3160; x_wconf 80' lang='lat' dir='ltr'><strong>eximie</strong></span> <span class='ocrx_word' id='word_1_205' title='bbox 1637 3111 1806 3160; x_wconf 87' lang='lat' dir='ltr'><strong>laudat</strong></span> <span class='ocrx_word' id='word_1_206' title='bbox 1824 3148 1840 3175; x_wconf 85' lang='lat'>‚</span> <span class='ocrx_word' id='word_1_207' title='bbox 1863 3113 2053 3176; x_wconf 76' lang='lat' dir='ltr'><strong>integer</strong></span> <span class='ocrx_word' id='word_1_208' title='bbox 2074 3112 2266 3161; x_wconf 86' lang='lat' dir='ltr'><strong>scilicet</strong></span> <span class='ocrx_word' id='word_1_209' title='bbox 2285 3128 2313 3160; x_wconf 89' lang='lat' dir='ltr'><strong>a</strong></span> <span class='ocrx_word' id='word_1_210' title='bbox 2334 3109 2565 3160; x_wconf 80' lang='lat' dir='ltr'><strong>novitatis</strong></span> 
     </span>
     <span class='ocr_line' id='line_1_26' title="bbox 540 3197 2561 3267; baseline 0.002 -23"><span class='ocrx_word' id='word_1_211' title='bbox 540 3197 682 3261; x_wconf 84' lang='lat' dir='ltr'><strong>labe,</strong></span> <span class='ocrx_word' id='word_1_212' title='bbox 721 3199 773 3248; x_wconf 87' lang='lat' dir='ltr'><strong>in</strong></span> <span class='ocrx_word' id='word_1_213' title='bbox 810 3200 1184 3263; x_wconf 70' lang='lat' dir='ltr'><strong>antiquitatibus</strong></span> <span class='ocrx_word' id='word_1_214' title='bbox 1222 3215 1423 3264; x_wconf 86' lang='lat' dir='ltr'><strong>quoque</strong></span> <span class='ocrx_word' id='word_1_215' title='bbox 1452 3201 1683 3249; x_wconf 77' lang='lat' dir='ltr'><strong>Romanis</strong></span> <span class='ocrx_word' id='word_1_216' title='bbox 1710 3207 1957 3266; x_wconf 63' lang='lat' dir='ltr'><strong>maante</strong></span> <span class='ocrx_word' id='word_1_217' title='bbox 1975 3237 1991 3267; x_wconf 86' lang='lat'><strong>,</strong></span> <span class='ocrx_word' id='word_1_218' title='bbox 2012 3201 2095 3252; x_wconf 89' lang='lat' dir='ltr'><strong>cui</strong></span> <span class='ocrx_word' id='word_1_219' title='bbox 2114 3200 2314 3249; x_wconf 85' lang='lat' dir='ltr'><strong>sordere</strong></span> <span class='ocrx_word' id='word_1_220' title='bbox 2333 3200 2524 3249; x_wconf 86' lang='lat' dir='ltr'><strong>diceres</strong></span> <span class='ocrx_word' id='word_1_221' title='bbox 2543 3234 2561 3263; x_wconf 88' lang='lat'>‚</span> 
     </span>
     <span class='ocr_line' id='line_1_27' title="bbox 543 3285 1734 3354; baseline 0.004 -20"><span class='ocrx_word' id='word_1_222' title='bbox 543 3286 789 3351; x_wconf 84' lang='lat' dir='ltr'><strong>quidquid</strong></span> <span class='ocrx_word' id='word_1_223' title='bbox 811 3294 887 3336; x_wconf 86' lang='lat' dir='ltr'><strong>est</strong></span> <span class='ocrx_word' id='word_1_224' title='bbox 907 3289 1038 3354; x_wconf 79' lang='lat' dir='ltr'><strong>apud</strong></span> <span class='ocrx_word' id='word_1_225' title='bbox 1054 3290 1243 3353; x_wconf 82' lang='lat' dir='ltr'><strong>priores</strong></span> <span class='ocrx_word' id='word_1_226' title='bbox 1266 3285 1423 3338; x_wconf 78' lang='lat' dir='ltr'><strong>doctae</strong></span> <span class='ocrx_word' id='word_1_227' title='bbox 1439 3288 1734 3353; x_wconf 78' lang='lat' dir='ltr'><strong>sagacitatis.</strong></span> 
     </span>
    </p>

    <p class='ocr_par' dir='ltr' id='par_1_4' title="bbox 545 3375 2570 3803">
     <span class='ocr_line' id='line_1_28' title="bbox 610 3375 2564 3445; baseline 0.003 -21"><span class='ocrx_word' id='word_1_228' title='bbox 610 3377 679 3441; x_wconf 64' lang='grc' dir='ltr'><strong>(Ἴ</strong></span> <span class='ocrx_word' id='word_1_229' title='bbox 714 3376 867 3425; x_wconf 69' lang='lat' dir='ltr'><strong>Multa</strong></span> <span class='ocrx_word' id='word_1_230' title='bbox 894 3384 1008 3443; x_wconf 83' lang='lat' dir='ltr'><strong>post</strong></span> <span class='ocrx_word' id='word_1_231' title='bbox 1043 3379 1415 3443; x_wconf 84' lang='lat' dir='ltr'><strong>Nieupoortium</strong></span> <span class='ocrx_word' id='word_1_232' title='bbox 1438 3416 1454 3443; x_wconf 87' lang='lat'><strong>,</strong></span> <span class='ocrx_word' id='word_1_233' title='bbox 1485 3378 1854 3445; x_wconf 76' lang='lat' dir='ltr'><strong>Schwarsiique</strong></span> <span class='ocrx_word' id='word_1_234' title='bbox 1881 3385 1933 3432; x_wconf 80' lang='lat' dir='ltr'><strong>et</strong></span> <span class='ocrx_word' id='word_1_235' title='bbox 1966 3381 2177 3432; x_wconf 85' lang='lat' dir='ltr'><strong>aliorum</strong></span> <span class='ocrx_word' id='word_1_236' title='bbox 2210 3381 2265 3429; x_wconf 87' lang='lat' dir='ltr'><strong>in</strong></span> <span class='ocrx_word' id='word_1_237' title='bbox 2298 3394 2416 3430; x_wconf 85' lang='lat' dir='ltr'><strong>eum</strong></span> <span class='ocrx_word' id='word_1_238' title='bbox 2452 3375 2564 3424; x_wconf 70' lang='lat' dir='ltr'><strong>nni-</strong></span> 
     </span>
     <span class='ocr_line' id='line_1_29' title="bbox 545 3452 2564 3567; baseline 0.004 -53"><span class='ocrx_word' id='word_1_239' title='bbox 545 3452 852 3516; x_wconf 60' lang='lat' dir='ltr'><strong>adversiones</strong></span> <span class='ocrx_word' id='word_1_240' title='bbox 872 3504 889 3532; x_wconf 88' lang='lat'>‚</span> <span class='ocrx_word' id='word_1_241' title='bbox 930 3483 960 3517; x_wconf 87' lang='lat' dir='ltr'><strong>a</strong></span> <span class='ocrx_word' id='word_1_242' title='bbox 1000 3468 1118 3517; x_wconf 72' lang='lat' dir='ltr'><strong>viris</strong></span> <span class='ocrx_word' id='word_1_243' title='bbox 1148 3468 1439 3518; x_wconf 78' lang='lat' dir='ltr'><strong>doctissimis</strong></span> <span class='ocrx_word' id='word_1_244' title='bbox 1477 3470 1680 3555; x_wconf 64' lang='lat' dir='ltr'><strong>quasita</strong></span> <span class='ocrx_word' id='word_1_245' title='bbox 1717 3475 1769 3521; x_wconf 88' lang='lat' dir='ltr'><strong>et</strong></span> <span class='ocrx_word' id='word_1_246' title='bbox 1807 3471 2150 3536; x_wconf 79' lang='lat' dir='ltr'><strong>pronuntiata,</strong></span> <span class='ocrx_word' id='word_1_247' title='bbox 2185 3485 2295 3533; x_wconf 74' lang='lat' dir='ltr'><strong>quae</strong></span> <span class='ocrx_word' id='word_1_248' title='bbox 2311 3503 2328 3532; x_wconf 81' lang='lat'><strong>,</strong></span> <span class='ocrx_word' id='word_1_249' title='bbox 2347 3465 2440 3567; x_wconf 46' lang='lat'><strong>⁶1⁸}</strong></span> <span class='ocrx_word' id='word_1_250' title='bbox 2459 3479 2564 3565; x_wconf 41' lang='lat'>’¹¹0⁰</span> 
     </span>
     <span class='ocr_line' id='line_1_30' title="bbox 547 3559 2569 3626; baseline 0 -24"><span class='ocrx_word' id='word_1_251' title='bbox 547 3561 730 3604; x_wconf 85' lang='lat' dir='ltr'><strong>cuncta</strong></span> <span class='ocrx_word' id='word_1_252' title='bbox 750 3562 838 3606; x_wconf 90' lang='lat' dir='ltr'><strong>aut</strong></span> <span class='ocrx_word' id='word_1_253' title='bbox 857 3573 973 3606; x_wconf 70' lang='lat' dir='ltr'><strong>vera</strong></span> <span class='ocrx_word' id='word_1_254' title='bbox 995 3564 1081 3607; x_wconf 86' lang='lat' dir='ltr'><strong>aut</strong></span> <span class='ocrx_word' id='word_1_255' title='bbox 1101 3559 1336 3626; x_wconf 81' lang='lat' dir='ltr'><strong>meliora,</strong></span> <span class='ocrx_word' id='word_1_256' title='bbox 1373 3564 1538 3609; x_wconf 85' lang='lat' dir='ltr'><strong>tamen</strong></span> <span class='ocrx_word' id='word_1_257' title='bbox 1558 3561 1910 3625; x_wconf 79' lang='lat' dir='ltr'><strong>antiquitatum</strong></span> <span class='ocrx_word' id='word_1_258' title='bbox 1931 3561 2120 3610; x_wconf 87' lang='lat' dir='ltr'><strong>auctori</strong></span> <span class='ocrx_word' id='word_1_259' title='bbox 2141 3573 2278 3607; x_wconf 88' lang='lat' dir='ltr'><strong>nunc</strong></span> <span class='ocrx_word' id='word_1_260' title='bbox 2295 3569 2569 3620; x_wconf 75' lang='lat' dir='ltr'><strong>respicien-</strong></span> 
     </span>
     <span class='ocr_line' id='line_1_31' title="bbox 548 3641 2570 3715; baseline 0.002 -27"><span class='ocrx_word' id='word_1_261' title='bbox 548 3641 609 3688; x_wconf 85' lang='lat' dir='ltr'><strong>da</strong></span> <span class='ocrx_word' id='word_1_262' title='bbox 628 3658 643 3706; x_wconf 90' lang='lat'>;</span> <span class='ocrx_word' id='word_1_263' title='bbox 668 3659 796 3692; x_wconf 82' lang='lat' dir='ltr'><strong>nova</strong></span> <span class='ocrx_word' id='word_1_264' title='bbox 817 3661 1018 3710; x_wconf 86' lang='lat' dir='ltr'><strong>quoque</strong></span> <span class='ocrx_word' id='word_1_265' title='bbox 1042 3646 1102 3694; x_wconf 86' lang='lat' dir='ltr'><strong>ad</strong></span> <span class='ocrx_word' id='word_1_266' title='bbox 1121 3646 1270 3695; x_wconf 88' lang='lat' dir='ltr'><strong>studii</strong></span> <span class='ocrx_word' id='word_1_267' title='bbox 1292 3647 1450 3696; x_wconf 78' lang='lat' dir='ltr'><strong>sontes</strong></span> <span class='ocrx_word' id='word_1_268' title='bbox 1467 3652 1800 3712; x_wconf 83' lang='lat' dir='ltr'><strong>accesserunt,</strong></span> <span class='ocrx_word' id='word_1_269' title='bbox 1823 3649 1926 3715; x_wconf 86' lang='lat' dir='ltr'><strong>Caji</strong></span> <span class='ocrx_word' id='word_1_270' title='bbox 1947 3644 2335 3699; x_wconf 71' lang='lat' dir='ltr'><strong>institutionibus</strong></span> <span class='ocrx_word' id='word_1_271' title='bbox 2356 3641 2570 3705; x_wconf 75' lang='lat' dir='ltr'><strong>aliisque</strong></span> 
     </span>
     <span class='ocr_line' id='line_1_32' title="bbox 547 3731 1830 3803; baseline 0.007 -25"><span class='ocrx_word' id='word_1_272' title='bbox 547 3731 768 3795; x_wconf 80' lang='lat' dir='ltr'><strong>reliquiis</strong></span> <span class='ocrx_word' id='word_1_273' title='bbox 787 3741 1009 3785; x_wconf 78' lang='lat' dir='ltr'><strong>veterum</strong></span> <span class='ocrx_word' id='word_1_274' title='bbox 1025 3741 1191 3786; x_wconf 81' lang='lat' dir='ltr'><strong>nostra</strong></span> <span class='ocrx_word' id='word_1_275' title='bbox 1210 3737 1417 3786; x_wconf 86' lang='lat' dir='ltr'><strong>demum</strong></span> <span class='ocrx_word' id='word_1_276' title='bbox 1445 3741 1583 3787; x_wconf 73' lang='lat' dir='ltr'><strong>:etate</strong></span> <span class='ocrx_word' id='word_1_277' title='bbox 1602 3739 1830 3803; x_wconf 82' lang='lat' dir='ltr'><strong>repertis.</strong></span> 
     </span>
    </p>

    <p class='ocr_par' dir='ltr' id='par_1_5' title="bbox 548 3819 2573 3984">
     <span class='ocr_line' id='line_1_33' title="bbox 614 3819 2571 3895; baseline -0.001 -25"><span class='ocrx_word' id='word_1_278' title='bbox 614 3823 710 3887; x_wconf 52' lang='grc' dir='ltr'><strong>(μ’)</strong></span> <span class='ocrx_word' id='word_1_279' title='bbox 748 3822 809 3871; x_wconf 87' lang='lat' dir='ltr'><strong>In</strong></span> <span class='ocrx_word' id='word_1_280' title='bbox 829 3840 952 3874; x_wconf 74' lang='lat' dir='ltr'><strong>voce</strong></span> <span class='ocrx_word' id='word_1_281' title='bbox 969 3862 986 3889; x_wconf 85' lang='lat'>‚</span> <span class='ocrx_word' id='word_1_282' title='bbox 1010 3829 1151 3893; x_wconf 86' lang='lat' dir='ltr'><strong>cujus</strong></span> <span class='ocrx_word' id='word_1_283' title='bbox 1183 3828 1269 3877; x_wconf 86' lang='lat' dir='ltr'><strong>bic</strong></span> <span class='ocrx_word' id='word_1_284' title='bbox 1292 3844 1394 3878; x_wconf 87' lang='lat' dir='ltr'><strong>non</strong></span> <span class='ocrx_word' id='word_1_285' title='bbox 1414 3828 1561 3895; x_wconf 80' lang='lat' dir='ltr'><strong>plana</strong></span> <span class='ocrx_word' id='word_1_286' title='bbox 1596 3829 1827 3879; x_wconf 74' lang='lat' dir='ltr'><strong>classicus</strong></span> <span class='ocrx_word' id='word_1_287' title='bbox 1847 3843 1964 3877; x_wconf 86' lang='lat' dir='ltr'><strong>usus</strong></span> <span class='ocrx_word' id='word_1_288' title='bbox 1983 3862 2001 3891; x_wconf 87' lang='lat'>‚</span> <span class='ocrx_word' id='word_1_289' title='bbox 2023 3824 2218 3875; x_wconf 73' lang='lat' dir='ltr'><strong>veniam</strong></span> <span class='ocrx_word' id='word_1_290' title='bbox 2251 3835 2479 3887; x_wconf 74' lang='lat' dir='ltr'><strong>rogamus</strong></span> <span class='ocrx_word' id='word_1_291' title='bbox 2498 3819 2571 3868; x_wconf 91' lang='lat' dir='ltr'><strong>si-</strong></span> 
     </span>
     <span class='ocr_line' id='line_1_34' title="bbox 548 3911 2573 3984; baseline 0 -25"><span class='ocrx_word' id='word_1_292' title='bbox 548 3912 748 3961; x_wconf 86' lang='lat' dir='ltr'><strong>milibus</strong></span> <span class='ocrx_word' id='word_1_293' title='bbox 777 3915 1011 3978; x_wconf 83' lang='lat' dir='ltr'><strong>peccatis.</strong></span> <span class='ocrx_word' id='word_1_294' title='bbox 1035 3915 1289 3966; x_wconf 71' lang='lat' dir='ltr'><strong>voluimus</strong></span> <span class='ocrx_word' id='word_1_295' title='bbox 1329 3918 1462 3968; x_wconf 82' lang='lat' dir='ltr'><strong>enim</strong></span> <span class='ocrx_word' id='word_1_296' title='bbox 1480 3956 1497 3984; x_wconf 81' lang='lat'><strong>,</strong></span> <span class='ocrx_word' id='word_1_297' title='bbox 1527 3924 1585 3968; x_wconf 89' lang='lat' dir='ltr'><strong>ut</strong></span> <span class='ocrx_word' id='word_1_298' title='bbox 1617 3934 1766 3984; x_wconf 87' lang='lat' dir='ltr'><strong>supra</strong></span> <span class='ocrx_word' id='word_1_299' title='bbox 1796 3918 1849 3965; x_wconf 90' lang='lat' dir='ltr'><strong>in</strong></span> <span class='ocrx_word' id='word_1_300' title='bbox 1869 3923 1985 3965; x_wconf 86' lang='lat' dir='ltr'><strong>nota</strong></span> <span class='ocrx_word' id='word_1_301' title='bbox 2004 3915 2209 3982; x_wconf 78' lang='lat' dir='ltr'><strong>professi</strong></span> <span class='ocrx_word' id='word_1_302' title='bbox 2237 3930 2407 3962; x_wconf 83' lang='lat' dir='ltr'><strong>sumus</strong></span> <span class='ocrx_word' id='word_1_303' title='bbox 2425 3949 2440 3975; x_wconf 84' lang='lat'>‚</span> <span class='ocrx_word' id='word_1_304' title='bbox 2459 3911 2573 3961; x_wconf 83' lang='lat' dir='ltr'><strong>dic-</strong></span> 
     </span>
    </p>
   </div>
   <div class='ocr_carea' id='block_1_2' title="bbox 548 4002 2574 4164">
    <p class='ocr_par' dir='ltr' id='par_1_6' title="bbox 548 4002 2574 4164">
     <span class='ocr_line' id='line_1_35' title="bbox 548 4002 2574 4074; baseline 0 -25"><span class='ocrx_word' id='word_1_305' title='bbox 548 4002 682 4052; x_wconf 89' lang='lat' dir='ltr'><strong>tione</strong></span> <span class='ocrx_word' id='word_1_306' title='bbox 714 4019 815 4052; x_wconf 86' lang='lat' dir='ltr'><strong>uon</strong></span> <span class='ocrx_word' id='word_1_307' title='bbox 834 4004 1154 4055; x_wconf 80' lang='lat' dir='ltr'><strong>Ciceroniana</strong></span> <span class='ocrx_word' id='word_1_308' title='bbox 1169 4006 1375 4070; x_wconf 82' lang='lat' dir='ltr'><strong>quidem</strong></span> <span class='ocrx_word' id='word_1_309' title='bbox 1400 4046 1416 4073; x_wconf 86' lang='lat'><strong>,</strong></span> <span class='ocrx_word' id='word_1_310' title='bbox 1458 4008 1542 4057; x_wconf 84' lang='lat' dir='ltr'><strong>sed</strong></span> <span class='ocrx_word' id='word_1_311' title='bbox 1565 4009 1771 4074; x_wconf 84' lang='lat' dir='ltr'><strong>probata</strong></span> <span class='ocrx_word' id='word_1_312' title='bbox 1789 4013 1955 4056; x_wconf 82' lang='lat' dir='ltr'><strong>tamen</strong></span> <span class='ocrx_word' id='word_1_313' title='bbox 1992 4008 2235 4056; x_wconf 86' lang='lat' dir='ltr'><strong>bonorum</strong></span> <span class='ocrx_word' id='word_1_314' title='bbox 2271 4003 2574 4068; x_wconf 83' lang='lat' dir='ltr'><strong>scriptorum</strong></span> 
     </span>
     <span class='ocr_line' id='line_1_36' title="bbox 553 4095 2566 4164; baseline -0.002 -18"><span class='ocrx_word' id='word_1_315' title='bbox 553 4095 847 4146; x_wconf 79' lang='lat' dir='ltr'><strong>auctoritate</strong></span> <span class='ocrx_word' id='word_1_316' title='bbox 881 4097 955 4146; x_wconf 87' lang='lat' dir='ltr'><strong>uti</strong></span> <span class='ocrx_word' id='word_1_317' title='bbox 970 4133 986 4163; x_wconf 84' lang='lat'>,</span> <span class='ocrx_word' id='word_1_318' title='bbox 1025 4096 1315 4162; x_wconf 85' lang='lat' dir='ltr'><strong>ubicunque</strong></span> <span class='ocrx_word' id='word_1_319' title='bbox 1336 4099 1494 4161; x_wconf 70' lang='lat' dir='ltr'><strong>gravis</strong></span> <span class='ocrx_word' id='word_1_320' title='bbox 1517 4115 1664 4150; x_wconf 80' lang='lat' dir='ltr'><strong>causa</strong></span> <span class='ocrx_word' id='word_1_321' title='bbox 1685 4115 1785 4148; x_wconf 88' lang='lat' dir='ltr'><strong>non</strong></span> <span class='ocrx_word' id='word_1_322' title='bbox 1807 4103 1934 4150; x_wconf 85' lang='lat' dir='ltr'><strong>essct</strong></span> <span class='ocrx_word' id='word_1_323' title='bbox 1949 4134 1970 4164; x_wconf 82' lang='lat'><em>,</em></span> <span class='ocrx_word' id='word_1_324' title='bbox 1991 4114 2082 4147; x_wconf 89' lang='lat' dir='ltr'><strong>cur</strong></span> <span class='ocrx_word' id='word_1_325' title='bbox 2106 4097 2247 4147; x_wconf 81' lang='lat' dir='ltr'><strong>aliter</strong></span> <span class='ocrx_word' id='word_1_326' title='bbox 2268 4095 2566 4147; x_wconf 75' lang='lat' dir='ltr'><strong>faceremus.</strong></span> 
     </span>
    </p>
   </div>
  </div>
 </body>
</html>
