3111 4829
1594 413 1624 500 (
1667 410 1788 487 466
1832 411 1857 492 )

781 550 916 615 ἣν.
940 548 1109 596 meier.
1134 562 1187 610 p.
1229 544 1278 595 1.
1320 560 1373 626 p.
1399 543 1480 594 11.
1502 558 1616 607 sqq.
1635 540 1772 603 —2)
1810 540 1886 588 Cf.
1910 539 2081 596 Ποία.
2114 553 2169 603 p.
2193 538 2277 588 53.
2313 554 2428 602 sqq.
2447 537 2670 603 -5)v.
2676 511 2765 605 s·

708 637 827 690 141.
850 640 949 686 loc.
971 638 1113 685 Mart.
1130 634 1261 689 -4‚
1286 634 1394 697 Ep.
1402 633 1456 695 1,
1493 632 1546 698 7,
1571 630 1622 679 8.
1643 630 1776 690 -5)
1797 627 1937 677 Unde
1959 627 2021 676 ad
2053 628 2238 691 lingum
2274 644 2455 692 usum,
2480 628 2534 675 in
2568 627 2763 676 sorum

704 727 915 791 venire,
940 726 1045 774 Cic.
1064 726 1135 774 ad
1154 721 1525 785 Div.13,1o‚
1564 719 1728 767 forum
1749 717 2025 781 attingere,
2049 715 2121 764 ib.
2143 715 2196 778 5,
2233 714 2296 778 8,
2330 722 2383 765 et
2409 715 2760 780 15‚1o‚p.

708 818 863 876 Mur.
881 816 916 865 9
938 852 954 879 ,
974 815 1036 865 de
1055 814 1161 863 foro
1179 812 1419 863 decedere
1437 848 1455 876 ‚
1474 810 1599 873 Nep.
1619 810 1726 857 Aet.
1752 807 1815 857 10
1834 843 1851 871 ,
1870 804 2031 855 studia
2053 804 2149 853 sori
2161 839 2179 869 ,
2201 803 2324 852 Tae.
2346 808 2476 869 ΑΨ.
2496 804 2549 868 9,
2568 803 2762 853 ferrea

699 909 814 974 jura
851 906 1188 974 insanumque
1221 904 1387 970 sorum
1403 938 1420 967 ,
1440 901 1581 964 Virg-
1608 901 1788 962 Geor-9.
1811 897 1844 954 2
1859 933 1878 963 ‚
1899 896 1996 947 502
2012 932 2029 962 ,
2054 894 2171 946 alia.
2189 923 2251 934 -—
2275 895 2329 958 6)
2362 893 2442 944 Cf.
2463 896 2565 944 Tac
2585 898 2761 946 Ann-

705 997 803 1064 14,
835 996 919 1047 47.

795 1113 943 1177 472.
997 1110 1158 1175 Ante
1179 1128 1419 1172 coenam
1447 1127 1580 1169 mos
1618 1092 1825 1168 lavari.
1856 1101 2086 1166 Balnea
2131 1095 2467 1187 (thermae)
2498 1108 2559 1163 et
2586 1098 2755 1184 pri-

701 1238 835 1291 vata
878 1222 1255 1309 frequentia,
1293 1230 1358 1284 et
1396 1219 1703 1284 Caesarum
1725 1225 1900 1279 aetate
1926 1212 2172 1299 publica
2195 1261 2214 1296 ‚
2244 1213 2312 1276 in
2351 1212 2548 1298 iisque
2590 1231 2753 1275 vas-

702 1339 930 1401 tissima
949 1339 1013 1400 ‘et
1036 1331 1518 1424 splendidissima
1539 1378 1557 1413 ,
1586 1350 1703 1392 nec
1727 1325 2062 1416 quidquam
2103 1324 2171 1387 in
2195 1325 2415 1388 Romae
2442 1323 2749 1410 operibus

699 1451 902 1542 magis¹
938 1448 1290 1532 mirandum
1322 1444 1407 1535 1).
1435 1443 1731 1528 Quaedam
1754 1491 1773 1527 ,
1811 1441 1977 1505 velut
2019 1438 2273 1503 thermae
2315 1437 2683 1504 Diocletiani
2712 1486 2742 1522 ‚

698 1584 966 1654 quarum
989 1562 1183 1626 ruinae
1207 1569 1568 1646 supersunt,
1599 1555 1793 1642 spatio
1814 1564 1875 1618 et
1895 1552 2297 1617 oedificiorum
2322 1550 2745 1630 multitudine

696 1700 879 1765 parva
906 1675 1126 1762 oppida
1155 1673 1498 1762 aequabant.
1525 1671 1797 1737 Exterior
1819 1668 2112 1733 circuitus
2137 1666 2473 1753 quadratus
2500 1666 2629 1731 fere
2659 1678 2743 1732 et

696 1790 1061 1879 porticibus,
1098 1786 1311 1874 xystis,
1340 1786 1501 1849 inter
1536 1783 1941 1848 eminentiora
1969 1780 2224 1847 aedificia
2253 1793 2576 1868 constans3
2617 1806 2741 1849 re-

690 1901 835 1967 licto
858 1901 1174 1966 intervallo
1199 1909 1404 1988 aperto
1427 1947 1444 1982 ‚
1471 1898 1623 1962 alter
1644 1896 1972 1979 circuituS,
1997 1894 2064 1958 in
2089 1895 2271 1980 cujus
2302 1895 2507 1960 medio
2530 1919 2737 1961 enor-

693 2019 811 2082 mis
842 2017 1220 2112 thermarum
1259 2017 1467 2080 moleS.
1493 2015 1699 2079 Partes
1725 2011 2055 2100 multiplici
2080 2035 2195 2076 usu
2234 2022 2297 2075 et
2337 2011 2483 2075 hinc
2503 2012 2732 2075 nomi-

692 2117 878 2218 nibus
922 2131 1239 2212 distinctas.
1265 2130 1340 2208 ln
1366 2128 1463 2206 his
1503 2128 1619 2196 sub
1648 2126 1928 2221 diogxysti
1972 2126 2067 2213 (§.
2113 2125 2300 2215 49.)‚
2331 2128 2419 2198 in
2440 2127 2730 2197 aedificiis

688 2246 1003 2333 frigidaria
1029 2293 1047 2322 ,
1107 2243 1402 2329 tepidaria
1426 2291 1444 2326 ,
1510 2241 1777 2306 caldaria
1839 2239 1865 2331 (
1889 2243 1947 2327 §.
2001 2243 2150 2306 461.
2181 2238 2245 2327 ),
2307 2241 2727 2327 sphaeristeria

690 2363 717 2455 (
732 2362 792 2448 §.
858 2356 1053 2448 474.)
1076 2407 1093 2442 ,
1149 2355 1488 2423 elaeothcsia
1511 2405 1529 2440 ,
1573 2356 1713 2421 alia.
1771 2354 1867 2420 Ad
1916 2355 2121 2421 balnei
2167 2378 2353 2421 usum
2407 2359 2728 2442 pertinent

690 2488 937 2566 guttus',
981 2475 1226 2562 strigilis
1248 2501 1274 2555 ;.
1319 2483 1604 2539 unctores
1629 2521 1648 2555 ,
1705 2483 1823 2537 etc.
1878 2472 2161 2537 Lavaturi
2213 2483 2276 2536 et
2320 2474 2504 2541 lavati
2547 2475 2725 2541 vario

690 2590 957 2676 corporis
992 2588 1275 2652 exercitio
1311 2586 1811 2670 oblectabantur,
1841 2587 2071 2674 quibus
2104 2586 2491 2655 thermarum
2511 2639 2529 2675 ‚
2559 2614 2724 2679 quas

687 2703 985 2783 diximus,
1019 2711 1214 2786 partes
1243 2701 1492 2786 egregie
1518 2699 2009 2793 accommodabat.

753 2839 805 2905 1)
825 2839 896 2888 De
911 2837 1072 2904 prisca
1089 2837 1381 2887 balneorum
1396 2837 1709 2902 simplicitate
1730 2875 1746 2903 ‚
1767 2837 1928 2902 deque
1946 2840 2064 2889 luxu
2085 2842 2371 2905 posterioris
2386 2844 2476 2893 αἱ
2498 2842 2717 2908 insignis

682 2930 821 2979 locus
843 2928 959 2989 Seu,
983 2927 1093 2993 Ep.
1114 2926 1197 2978 86.

693 3156 696 3163 ,
778 3073 927 3135 473.
978 3066 1193 3132 Paucis
1224 3064 1612 3151 exposuimus
1640 3063 1921 3151 quaedam
1962 3088 1998 3131 e
2024 3068 2254 3153 privata
2279 3071 2710 3139 Romanorum

683 3184 802 3249 vita
816 3231 835 3266 ,
857 3180 1096 3267 singula
1126 3178 1338 3243 multis
1358 3177 1845 3263 antiquariorum
1868 3180 2286 3244 voluminibus
2308 3194 2662 3268 pertractata
2686 3234 2710 3267 ,

678 3319 798 3362 nec
844 3294 1113 3380 profecto
1161 3291 1512 3377 cognitione
1557 3290 1809 3376 indigna
1838 3340 1856 3375 ‚
1910 3292 2093 3357 modo
2133 3316 2213 3358 ne
2263 3296 2545 3360 futilibus
2584 3319 2707 3382 po-

675 3407 981 3483 tissimum
999 3405 1407 3470 inbaerear‘nus
1427 3452 1446 3488 ‚
1481 3424 1656 3487 neve,
1679 3426 1817 3491 quae
1846 3404 2157 3490 quomodo
2187 3430 2251 3471 se
2274 3406 2573 3492 habeant,
2605 3411 2707 3474 rei

676 3533 897 3605 natura
918 3568 937 3604 ‚
974 3540 1054 3582 ne
1083 3516 1434 3582 dubitemus
1456 3563 1474 3600 ,
1501 3527 1698 3598 vetat,
1727 3518 1794 3580 in
1820 3516 1916 3581 his
1955 3518 2328 3584 illustrandis
2352 3572 2368 3605 ‚
2392 3521 2542 3586 fines
2563 3544 2704 3586 mo-

681 3635 956 3719 dumque
997 3630 1211 3713 obliti,
1247 3629 1325 3693 ad
1367 3629 1678 3695 fastidium
1721 3631 2088 3696 laboremus.
2136 3633 2448 3700 Postremo
2487 3646 2701 3701 autem

677 3748 1055 3834 paucissimis
1090 3746 1309 3833 vixque
1329 3747 1643 3832 attigimus
1665 3769 1802 3811 eam
1822 3747 2016 3833 ipsam
2040 3758 2272 3833 partem
2294 3798 2312 3833 ‚
2337 3773 2458 3836 qua
2481 3800 2499 3835 ,
2526 3750 2700 3816 haud

678 3864 836 3945 scio,
874 3885 954 3926 an
986 3862 1153 3925 nulla
1196 3861 1275 3924 sit
1315 3872 1421 3924 aut
1456 3860 1711 3926 materie
1748 3862 2047 3947 amplior,
2090 3873 2195 3925 aut
2222 3863 2421 3928 studio
2456 3866 2704 3948 jucun·-

677 3973 830 4039 dior.
867 3974 1139 4054 Quantas
1159 3976 1325 4039 enim
1352 4025 1369 4058 ‚
1393 3997 1704 4062 quamque
1724 3976 1923 4040 varias
1946 3998 2039 4040 res
2064 3974 2167 4039 hic
2189 3976 2500 4042 inserendi
2523 3980 2700 4043 locus

673 4100 829 4155 esset
861 4091 1046 4154 semel
1083 4090 1300 4176 positos
1331 4091 1530 4177 operis
1567 4091 1753 4157 nostri
1790 4091 1941 4156 fines
1983 4090 2485 4177 transgredienti,
2530 4114 2700 4178 prae-
