3111 4829
1593 376 1802 469 (3⁶)

600 606 603 609 -
696 507 872 571 tiores
893 507 1073 575 hodie
1095 510 1206 576 visi
1227 558 1252 589 ,
1289 533 1527 578 servum
1550 521 1772 576 utrem
1800 511 2068 597 mancipi
2099 510 2127 601 (
2144 518 2203 601 §.
2236 512 2319 576 97
2340 509 2366 601 )
2386 512 2480 577 vel
2500 531 2683 576 man-

692 620 996 709 cipatione
1030 627 1389 713 acquisitam
1412 674 1431 711 ‚
1460 626 1585 692 diei
1616 625 1976 693 existimant.

754 781 806 845 1)
841 781 1120 835 CLInm‘u.
1140 787 1165 836 1
1189 822 1207 851 ‚
1229 787 1282 836 δ.
1306 786 1408 853 Caj.
1433 786 1626 836 Institi.
1651 787 1710 850 1,
1735 787 1768 836 3
1785 823 1802 850 ‚
1824 786 2037 837 Summa
2070 788 2241 850 itaqu
2274 787 2455 836 divisio
2497 787 2689 850 dejure

687 890 1021 937 personarum
1061 881 1164 929 ltoec
1197 888 1272 929 cst
1291 916 1307 944 ,
1331 881 1468 944 quod
1486 896 1655 930 omnes
1675 881 1899 929 homines
1920 885 2012 928 aut
2032 879 2177 926 liberi
2204 886 2331 927 sunt
2343 912 2363 942 ,
2408 885 2501 927 aa!
2541 881 2689 926 servi.

698 964 814 1028 —2)
839 965 913 1014 Cf.
936 968 1070 1016 Suet.
1095 969 1277 1018 OEaud.
1299 969 1403 1032 24„
1423 969 1524 1033 Caj.
1573 970 1765 1019 Imtite.
1786 967 1836 1031 1,
1858 967 1959 1030 10.,
1981 967 2087 1015 Liv.
2105 965 2230 1030 4‚.5‚
2245 966 2324 1030 10,
2348 966 2420 1029 8.‚
2438 966 2558 1015 Hor.
2578 966 2690 1015 Sat.

691 1048 718 1098 1
736 1085 752 1113 ,
778 1050 810 1098 6
829 1086 845 1114 ,
869 1052 919 1114 6,
938 1053 1112 1103 Heind.
1132 1055 1194 1103 ad
1214 1056 1333 1105 Hor.
1356 1057 1462 1106 Sat.
1487 1057 1510 1105 1
1540 1093 1559 1122 ,
1577 1056 1609 1106 6
1630 1092 1645 1119 ,
1666 1055 2080 1120 79.—5)1meitt.
2104 1054 2127 1102 1
2153 1088 2169 1116 ,
2192 1053 2253 1117 5,
2270 1053 2303 1101 2
2326 1088 2343 1117 ‚
2365 1056 2578 1101 servitus
2599 1059 2694 1113 ast,

692 1144 979 1191 continuio
990 1144 1131 1206 juris
1145 1151 1371 1210 gentium
1392 1183 1411 1213 ‚
1443 1164 1548 1213 qua
1569 1149 1684 1211 quis
1704 1148 1906 1196 domino
1928 1146 2094 1194 alieno
2114 1149 2289 1192 eontra
2309 1148 2546 1191 naturam
2577 1141 2691 1189 sub·

683 1230 864 1292 jietur.
903 1232 979 1281 cf.
1002 1229 1048 1301 §.
1087 1233 1170 1285 54.
1191 1237 1356 1286 locum
1379 1238 1483 1303 Caji
1505 1238 1697 1288 Inscite.
1721 1237 1743 1286 1
1775 1272 1791 1298 ,
1822 1236 1905 1284 52.
1940 1262 1998 1270 —
2021 1234 2073 1299 4)
2108 1233 2183 1281 Cf.
2208 1232 2378 1280 Creuz.
2401 1227 2428 1297 §
2448 1230 2532 1279 54.
2552 1260 2610 1268 —
2633 1229 2687 1292 5)

692 1318 757 1368 V.
775 1319 901 1369 Bon.
920 1321 982 1369 ad
1000 1323 1113 1372 Ter.
1135 1326 1316 1390 Adelp.
1338 1327 1373 1375 2
1389 1363 1408 1391 ,
1428 1327 1457 1377 1
1473 1363 1491 1392 ,
1512 1325 1617 1390 28.,
1640 1326 1762 1391 Lyd.
1785 1326 1847 1373 do
1863 1323 2044 1389 Maqq.
2067 1322 2094 1371 1
2121 1358 2138 1385 ‚
2162 1321 2264 1385 11„
2284 1318 2403 1367 Isid.
2426 1318 2600 1380 On'qy.
2616 1317 2649 1365 9
2668 1351 2685 1379 ‚

692 1408 746 1459 4·
771 1437 831 1447 -
850 1411 903 1478 6)
928 1412 1003 1462 cf.
1028 1415 1132 1463 Cic.
1158 1416 1351 1466 Par-ad.
1375 1417 1407 1467 δ
1419 1453 1437 1482 ,
1463 1418 1485 1467 1
1509 1454 1526 1480 ‚
1567 1433 1670 1465 mm
1693 1419 1826 1464 euim
1847 1418 1922 1463 ita
1944 1416 2125 1463 dicunt
2141 1427 2221 1460 eos
2244 1408 2528 1474 (improbos
2549 1407 2568 1471 )
2592 1420 2696 1453 esse

693 1513 858 1548 δθνυοσ
876 1533 898 1565 ‚
930 1508 994 1551 ue
1010 1505 1298 1571 mancipata,
1320 1521 1435 1570 quoe
1450 1514 1574 1555 cunt
1589 1507 1908 1570 dominamus
1923 1501 2065 1565 facea
2084 1517 2220 1551 nexu
2241 1506 2336 1548 aut
2371 1497 2548 1562 aliquo
2573 1495 2699 1558 juro

693 1588 851 1637 civili.

785 1707 893 1769 52.
952 1706 1028 1768 In
1059 1709 1254 1771 causis
1304 1721 1510 1773 autem
1557 1711 1857 1774 servitutis
1881 1758 1900 1791 ‚
1974 1719 2189 1793 praeter
2248 1704 2654 1791 captivitatem
2683 1745 2701 1780 ‚

601 1893 605 1897 ,
697 1834 885 1899 quam
920 1813 1185 1882 diximus
1200 1866 1229 1899 ‚.
1254 1840 1399 1883 cum
1447 1820 1583 1884 aliis
1623 1819 1789 1905 apud
1829 1819 2140 1884 Romanos
2175 1826 2492 1902 ponuntur
2537 1822 2705 1876 ortus

699 1928 926 1992 servilis
965 1940 1027 1994 et
1069 1953 1269 2016 poena.
1309 1933 1446 1997 Alia
1490 1943 1580 1998 est
1622 1932 1986 1998 venditionis
2018 1942 2078 1996 et
2115 1926 2509 2009 commercii,
2558 1923 2704 1987 siin

630 2076 633 2077 ν
697 2042 897 2105 causis
914 2045 1215 2109 servitutis
1245 2057 1552 2132 ponantur
1574 2094 1593 2131 ‚
1640 2049 1813 2112 ratio.
1847 2047 1939 2110 De
1966 2056 2104 2109 ortu
2126 2092 2144 2127 ‚
2174 2066 2284 2130 par
2307 2050 2437 2106 erat
2453 2086 2479 2116 ,
2519 2038 2702 2123 ejus-

699 2150 843 2217 dem
885 2154 1122 2221 domini
1161 2179 1287 2223 esse
1326 2159 1548 2225 liberos
1594 2181 1726 2235 rem
1761 2208 1780 2244 ,
1837 2159 2019 2243 cujus
2063 2166 2363 2243 parentes,
2413 2153 2462 2216 E
2517 2147 2701 2215 liberi

698 2280 907 2335 autem
938 2272 1221 2360 servique
1262 2273 1529 2338 hominis
1565 2270 2007 2340 consuetudine
2028 2318 2046 2354 ,
2118 2280 2190 2334 ut
2233 2266 2486 2333 omnino
2537 2273 2700 2327 extra

697 2386 1084 2460 connubium
1118 2386 1225 2477 1),
1279 2390 1409 2455 nati
1441 2393 1579 2477 lege
1624 2387 1834 2455 matris
1873 2385 2287 2453 conditionem
2317 2388 2701 2469 sequuntur,

697 2519 815 2562 nec
856 2501 1017 2565 inter
1037 2523 1235 2567 servos
1267 2514 1375 2568 aut
1416 2503 1624 2567 liberis
1656 2524 1801 2568 cum
1834 2502 2015 2566 servis
2047 2496 2509 2564 matrimonium
2534 2542 2552 2577 ‚
2598 2488 2702 2555 sed

630 2658 632 2661 >
696 2609 1173 2675 contubernium
1199 2661 1216 2695 ,
1258 2635 1374 2678 nec
1402 2636 1587 2678 servae
1618 2636 1832 2679 uxores
1854 2661 1872 2695 ‚
1905 2611 2010 2699 sed
2035 2609 2500 2676 contubernales
2547 2627 2704 2690 pro·-

695 2722 829 2807 prie
851 2720 1209 2787 dicebantur
1236 2724 1263 2815 (
1288 2730 1348 2813 §.
1372 2726 1476 2789 82.
1502 2723 1528 2811 )

784 2837 974 2902 Poena
1018 2836 1045 2928 (
1068 2860 1271 2903 servus
1301 2838 1523 2926 poenae)
1559 2849 1668 2903 aut
1699 2837 1952 2902 omnino
1968 2838 2112 2921 jure
2138 2835 2302 2901 civili
2325 2834 2486 2898 inter
2510 2831 2657 2897 alios
2684 2878 2701 2912 ,

698 2947 805 3015 sed
825 2972 950 3014 non
987 2952 1158 3014 omni
1185 2972 1398 3016 omnes
1421 2962 1693 3037 tempore
1720 2999 1737 3034 ,
1760 2960 1820 3014 et
1842 2934 2098 3036 quidam
2125 2996 2144 3032 ,
2168 2946 2380 3013 dubito
2405 2996 2432 3030 λ
2462 2970 2542 3012 an
2565 2947 2703 3010 satis

698 3074 863 3130 recte
885 3113 903 3148 ‚
928 3076 1348 3130 memorantur
1366 3064 1577 3129 censui
1610 3060 1676 3151 2)
1700 3085 1825 3127 sese
1847 3073 1954 3127 aut
1996 3061 2232 3126 militiae
2267 3057 2662 3124 subrubentes
2685 3105 2704 3140 ,

698 3201 738 3243 a
767 3189 933 3263 patre
953 3175 1021 3266 3)
1049 3175 1280 3241 venditi
1298 3224 1316 3259 ,
1361 3187 1468 3242 aut
1493 3198 1530 3241 a
1559 3177 1734 3241 Patre
1773 3176 2012 3241 Patrato
2038 3176 2112 3266 (§
2133 3178 2282 3242 323.
2308 3172 2552 3264 >dediti
2587 3171 2653 3261 4)
2686 3219 2704 3255 ,

699 3291 853 3353 furti
889 3291 1197 3355 manifesti
1222 3289 1482 3354 crimine
1514 3288 1785 3355 damnati
1815 3338 1834 3373 ‚
1863 3287 2145 3354 solvendo
2185 3289 2448 3374 impares
2495 3285 2701 3375 (nexi.

701 3402 761 3485 §.
778 3404 884 3468 72.
906 3401 954 3493 ),
975 3403 1068 3467 sui
1089 3402 1240 3492 (suae
1264 3399 1576 3489 personae)
1599 3425 1781 3467 usum
1800 3404 2073 3468 fructum
2092 3399 2375 3466 cedentes
2396 3396 2462 3484 5)
2485 3444 2503 3479 ‚
2525 3395 2709 3460 liberi

700 3518 936 3583 inventi
959 3528 1021 3582 et
1047 3540 1084 3582 a
1110 3516 1293 3581 servis
1323 3515 1565 3581 educati
1581 3564 1600 3601 ,
1637 3515 1716 3583 ad
1742 3517 1986 3582 metalla
2006 3563 2025 3599 ,
2059 3514 2139 3581 ad
2157 3513 2380 3578 bestias
2409 3507 2703 3573 damnati.

768 3677 822 3744 1)
855 3679 961 3729 Cio.
982 3679 1118 3744 Top.
1140 3677 1189 3730 4.
1209 3678 1347 3744 Caj.,
1374 3678 1569 3728 Instat.
1589 3675 1615 3727 1
1641 3714 1658 3744 ‚
1676 3677 1835 3729 67.-
1866 3676 1919 3743 2)
1937 3674 2116 3740 Cic-p.
2149 3673 2276 3723 Coee.
2301 3669 2386 3735 3⁴,
2406 3685 2523 3719 eum
2537 3674 2708 3718 autem

703 3766 971 3815 incensum
1001 3768 1176 3816 vendit
1203 3766 1454 3832 (populus)
1471 3802 1490 3832 ,
1510 3768 1602 3816 Ιιοσ
1613 3768 1819 3832 judicat
1834 3783 1856 3815 .·
1886 3781 2001 3814 cum
2022 3767 2068 3812 is
2081 3798 2100 3828 ‚
2139 3763 2232 3826 qui
2249 3763 2308 3809 in
2326 3759 2709 3822 servitutejuata

699 3855 864 3917 fuer-ie
878 3889 897 3919 ‚
935 3873 1089 3906 censu
1113 3858 1380 3923 laberetur,
1413 3873 1528 3906 cum
1544 3891 1563 3921 ,
1602 3859 1726 3921 qui,
1760 3871 1877 3904 cum
1908 3852 2032 3901 liber
2067 3858 2222 3915 esset,
2243 3852 2436 3898 censeri
2453 3849 2672 3898 nolucrit
2687 3881 2706 3910 ,

705 3946 877 4007 ipsum
895 3946 995 3993 sibi
1012 3947 1283 3996 libertatem
1304 3948 1638 4011 adjudicasse.
1655 3974 1716 3985 -
1740 3945 1804 4009 5)
1824 3943 1900 3991 Cf.
1922 3943 2121 4005 Dionys.
2137 3940 2170 3989 2
2181 3977 2197 4006 ‚
2218 3939 2301 3991 27.
2326 3968 2386 3978 —
2405 3939 2473 4004 4)
2507 3939 2582 3988 Cf.
2606 3937 2690 3986 cio
2715 3965 2731 3982 .

704 4032 738 4079 1.
764 4048 812 4081 c.
848 4060 908 4070 —
928 4033 981 4096 5)
1004 4034 1065 4082 V.
1085 4035 1224 4096 Ilugo
1249 4037 1489 4085 Geso-hd.
1509 4032 1672 4084 Ram.
1690 4035 1759 4086 R.
1778 4033 1856 4083 ed.
1880 4028 2124 4098 6.§.190.
