3111 4829
1352 452 1604 539 (149)

457 588 617 652 Igitur
637 590 798 653 primo
817 593 1003 638 vocatae
1020 604 1120 638 non
1138 592 1252 638 sunt
1272 600 1440 637 omnes
1459 624 1475 653 ‚
1499 600 1613 650 quoe
1635 583 2004 649 praerogativam
2028 580 2331 644 sequuntur,
2354 590 2473 625 cen-

454 678 617 726 turiae.
641 679 706 727 At
737 680 863 727 nihil
895 679 1129 743 impedit,
1161 678 1426 742 quominus
1457 679 1571 742 jure
1612 678 1796 724 mentm
1817 687 1985 721 omnes
2019 671 2280 729 dicentur,
2304 671 2477 729 utpote
2565 668 2576 702 -'

456 783 544 815 sua
566 783 777 830 quaeque
803 768 853 815 in
892 768 1044 816 classe
1063 805 1078 830 ‚
1113 774 1303 817 servato
1341 772 1530 815 vetusto
1566 765 1794 813 classium
1833 762 2005 811 ordine
2025 798 2040 825 ‚
2079 763 2357 823 sequentes.
2397 757 2479 803 Sio

461 856 681 903 censenti
704 856 834 906 favet
856 856 979 905 alter
1003 856 1143 905 locus
1164 894 1179 919 ‚
1202 855 1265 904 2⁷
1284 893 1301 920 ‚
1325 856 1357 904 6
1371 893 1386 920 ‚
1408 856 1497 903 ubi
1519 892 1534 917 ‚
1560 855 1601 903 si
1623 852 1745 916 quid
1762 852 1934 917 judico
1952 888 1968 913 ‚
1992 866 2159 899 sensus
2181 853 2254 896 est
2267 882 2285 912 ,
2309 861 2478 895 omnes

458 961 574 993 cum
597 947 917 1011 praerogativo
941 948 1240 996 consensisse
1258 984 1273 1008 ,
1302 947 1353 995 ni
1387 944 1596 994 Tribuni
1618 943 1781 993 Plebis
1803 958 1854 991 se
1886 940 2307 1005 Interposuissent.
2330 937 2482 984 Favet

456 1034 605 1084 etiam
630 1035 810 1083 Ascon.
835 1036 896 1083 nd
912 1035 968 1084 V
962 1053 1063 1085 err.
1083 1037 1133 1100 1,
1149 1036 1201 1100 9,
1221 1038 1567 1100 proeroqah‘voe
1591 1034 1752 1084 tribus
1771 1038 1895 1081 sunt
1909 1067 1927 1097 ,
1952 1047 2066 1095 quoe
2085 1032 2268 1094 prima
2289 1028 2480 1091 suffra-

458 1127 600 1188 gium
612 1122 792 1183 ferunt
807 1131 924 1174 ante
934 1128 1059 1188 jure
1078 1132 1294 1175 vocatas.
1317 1124 1472 1188 Quem
1493 1124 1661 1172 locum
1684 1123 1840 1170 citans
1863 1121 2067 1171 Schulze
2081 1156 2099 1184 ‚
2122 1134 2223 1167 non
2244 1134 2304 1166 eo
2319 1116 2483 1164 minus

459 1212 737 1277 suspicatur
753 1251 769 1277 ‚
789 1229 903 1278 pag.
926 1212 1022 1263 540
1035 1251 1050 1278 ,
1064 1218 1236 1279 primo
1252 1221 1450 1263 vocatas
1469 1213 1529 1262 ad
1546 1212 1774 1276 equitum
1787 1248 1802 1276 ‚
1812 1211 1937 1276 juro
1957 1214 2157 1261 vocatas
2177 1205 2240 1256 sd
2259 1206 2483 1271 peditum

460 1302 707 1351 centurias
732 1305 999 1368 pertinere.

526 1393 635 1442 Huc
657 1410 815 1458 usque
835 1395 981 1444 sinos
1003 1401 1137 1445 recte
1156 1409 1171 1459 3
1196 1396 1431 1458 quoniam
1450 1392 1690 1443 centurius
1712 1391 1764 1439 in
1780 1390 2003 1456 juniores
2020 1393 2073 1438 et
2092 1387 2309 1437 seniores
2331 1381 2484 1436 dividi

461 1495 561 1529 non
583 1481 799 1547 desiere,
835 1483 1029 1547 reliquo
1058 1485 1217 1533 omnis
1253 1483 1515 1532 difficultas
1535 1483 1591 1529 in
1630 1497 1689 1531 eo
1716 1485 1822 1530 est:
1862 1482 1987 1543 quot
2008 1478 2059 1525 in
2081 1476 2218 1526 tribu
2237 1510 2253 1537 ,
2289 1476 2414 1536 quot
2433 1470 2487 1525 in

459 1570 614 1619 classe
637 1573 876 1622 centurioe
890 1609 907 1637 ‚
926 1579 977 1623 et
997 1589 1109 1637 quoe
1132 1574 1362 1622 classium
1385 1572 1447 1622 ad
1468 1572 1628 1621 tribus
1650 1571 1776 1619 ratio
1794 1564 1983 1649 fuerit?
2001 1567 2271 1619 Primarius
2289 1567 2350 1617 do
2367 1584 2489 1618 cen-

462 1661 705 1710 turiarum
727 1678 936 1713 numero
950 1663 1091 1712 locus
1126 1669 1201 1713 est
1220 1662 1344 1712 Livii
1368 1663 1394 1713 1
1431 1699 1448 1726 ‚
1470 1661 1565 1724 43,
1604 1676 1748 1709 sanus
1768 1656 1971 1725 quidem
1985 1695 2000 1722 ,
2025 1657 2201 1722 opinor
2215 1695 2230 1721 ‚
2254 1658 2341 1708 sed
2363 1660 2490 1709 mire

463 1748 721 1799 obscurus.
740 1752 809 1799 Ex
825 1767 926 1815 quo
944 1751 985 1800 si
1011 1767 1127 1800 cum
1149 1752 1375 1802 schulzio
1397 1757 1469 1819 (p.
1498 1752 1584 1803 7⁴.
1608 1761 1742 1817 sqq.)
1766 1750 1974 1801 cuilibet
1995 1748 2148 1799 tribui
2160 1749 2310 1814 dues,
2334 1766 2488 1805 unam

458 1838 715 1902 juniorum
732 1877 748 1903 ,
785 1856 936 1890 unam
966 1841 1216 1890 seniorum
1235 1878 1251 1906 ‚
1287 1846 1339 1890 et
1370 1842 1572 1906 utrique
1599 1842 1839 1891 centurio
1869 1857 1927 1890 ex
1944 1840 2231 1905 conjectura
2265 1838 2490 1903 quinque

464 1931 639 1978 classes
648 1930 843 1994 damus,
865 1946 964 1980 non
986 1931 1176 1996 liquet3
1201 1930 1450 1994 quomodo
1460 1932 1513 1979 in
1525 1931 1774 1980 Ciceronis
1785 1933 1918 1993 loco,
1939 1932 2079 1981 Phil.
2092 1930 2125 1981 2
2143 1966 2159 1994 ,
2184 1930 2250 1980 55
2263 1966 2280 1994 ,
2301 1958 2362 1966 —
2378 1945 2488 1979 sor-

464 2021 574 2067 titio
588 2022 940 2083 proeroqatiooe
957 2037 977 2079 ‚-
1006 2022 1239 2084 qm'escit.
1264 2020 1651 2080 Renuntiatum
1679 2028 1823 2070 tacet.
1849 2022 2031 2071 Primo
2051 2022 2229 2072 clauis
2247 2027 2457 2070 vocatur
2470 2038 2492 2079 ,-

466 2110 869 2156 renuntiatur—
888 2113 999 2172 post
1018 2109 1391 2173 praerogntivam
1419 2110 1755 2158 renuntiatam
1778 2109 1938 2175 prima
1948 2111 2112 2159 classis
2130 2114 2336 2159 vocetur
2349 2112 2401 2156 et
2409 2123 2491 2155 re-

468 2198 741 2245 nuntietur.
761 2197 955 2245 EtenIm
979 2202 1037 2246 ut
1061 2199 1237 2247 classis
1270 2201 1604 2248 renuntiatur
1642 2215 1842 2264 prorsus
1874 2205 1949 2249 est
1964 2235 1982 2263 ,
2016 2199 2356 2249 centuriarum
2389 2198 2494 2263 eius

466 2286 697 2349 suffragia
714 2287 985 2335 renuntiari
1002 2323 1018 2351 ‚
1043 2286 1136 2350 (cs.
1153 2287 1311 2335 Varro
1329 2286 1399 2338 R.
1418 2287 1486 2338 R.
1503 2286 1565 2350 ὅ,
1587 2286 1685 2345 17.)
1702 2289 1775 2337 sie
1790 2291 2129 2353 proeroqah'oa
2144 2291 2495 2353 renuntiatur,

468 2377 555 2426 hic
578 2376 700 2441 quid
725 2376 858 2426 uliud
883 2378 971 2443 sit,
1002 2392 1102 2428 non
1120 2377 1264 2427 video
1283 2416 1300 2442 ,
1334 2392 1484 2442 quam
1513 2378 1620 2445 ejus
1640 2376 1930 2446 suffragium
1958 2377 2230 2430 renuntiari
2244 2392 2259 2443 3
2286 2394 2387 2443 quo
2420 2395 2497 2428 re-

472 2466 699 2514 nuntiato
717 2502 732 2529 ‚
757 2466 1025 2516 absurdum
1038 2504 1053 2531 ,
1083 2468 1250 2516 classis
1279 2467 1480 2533 insuper
1504 2467 1796 2531 suffragium
1817 2465 2038 2536 ejusdem
2056 2469 2294 2518 centuriae
2315 2483 2498 2518 renun-

476 2554 608 2602 tiari.
628 2555 768 2617 Quod
795 2560 960 2605 nutem
977 2557 1183 2606 Schulze
1201 2561 1220 2615 (
1231 2574 1285 2623 p.
1302 2556 1387 2607 78.
1402 2565 1420 2616 )
1434 2595 1452 2623 ‚
1472 2557 1560 2606 hic
1579 2559 1756 2608 classes
1781 2558 1984 2610 sortasse
1996 2558 2252 2628 juniorum
2270 2563 2322 2607 et
2340 2558 2500 2607 senio-

476 2660 590 2692 rum
614 2645 861 2694 centurias
882 2662 986 2696 esse
1005 2684 1021 2712 ,
1048 2647 1352 2713 suspicatur,
1372 2647 1423 2698 id
1442 2649 1575 2699 unde
1591 2649 1807 2714 speciem
1828 2651 1932 2700 veri
1965 2650 2116 2699 ducat
2131 2686 2148 2714 ‚
2176 2664 2376 2715 prorsus
2397 2664 2501 2704 nou

474 2736 714 2800 intelligo.
733 2737 912 2801 Quare,
934 2738 1065 2787 sicut
1082 2739 1136 2786 in
1152 2738 1275 2788 Livii
1290 2739 1424 2803 loco,
1444 2737 1529 2803 43,
1548 2738 1633 2804 16,
1653 2744 1720 2798 (a.
1740 2739 2083 2804 584.)—cum
2101 2757 2128 2788 o
2146 2740 2412 2788 duodecim
2429 2743 2499 2800 (Ρ)

474 2831 722 2877 centuriis
738 2833 965 2893 equitum
990 2838 1095 2879 octo
1115 2831 1377 2880 Censorem
1416 2831 1859 2893 condemnassent,
1882 2831 2154 2893 multetque
2179 2830 2296 2878 als'oe
2314 2830 2500 2892 pn'moe

474 2918 651 2966 classis
667 2945 729 2956 —-
747 2918 1008 2968 manifesto
1039 2919 1277 2968 centurioe
1298 2918 1352 2968 in
1379 2920 1531 2969 classe
1557 2924 1703 2982 sunt,
1730 2934 1832 2968 non
1864 2918 2030 2968 classis
2054 2918 2116 2965 in·
2140 2916 2396 2979 centuria,
2430 2917 2500 2970 ita

476 3005 530 3054 in
546 3007 793 3055 Ciceronis
808 3008 920 3056 loco
935 3010 1107 3072 prima
1126 3009 1302 3056 classis
1317 3017 1526 3057 vocatur
1542 3009 1743 3056 omnino
1757 3013 1832 3057 est
1848 3008 1959 3074 ejus
1977 3008 2220 3055 centun'oe
2234 3012 2499 3054 vocantur.

477 3097 575 3145 Cur
598 3098 729 3146 enim
751 3115 868 3146 cum
892 3097 1117 3146 Schulzio
1138 3097 1301 3162 potius
1323 3098 1573 3147 centurias
1593 3099 1741 3164 primi
1776 3103 1827 3148 et
1853 3096 2056 3147 secundi
2080 3095 2286 3159 gradus,
2311 3094 2502 3150 nemini

474 3191 695 3235 veterum
724 3191 1018 3235 memoratas
1037 3223 1052 3250 ,
1075 3186 1345 3251 fingamus,
1371 3202 1483 3257 quoe
1511 3202 1614 3235 non
1635 3189 1736 3236 sint
1764 3186 1992 3238 classium
2026 3202 2085 3236 ex
2117 3200 2268 3234 censu
2295 3183 2501 3231 distinc-

476 3279 639 3324 tarum
662 3281 847 3340 partes,
870 3275 955 3323 sed
976 3275 1040 3323 ob
1062 3279 1257 3324 oetatem
1276 3312 1292 3337 ‚
1325 3280 1413 3326 aut
1433 3277 1635 3325 honoris
1660 3276 1815 3326 aliave
1834 3293 1982 3326 causa
2002 3277 2173 3342 primm
2195 3281 2247 3326 et
2271 3273 2502 3324 secunda

474 3366 639 3414 classis
664 3367 765 3414 sive
784 3365 969 3414 ordinis
989 3365 1227 3413 centuriae
1247 3365 1509 3432 dicantur3
1539 3383 1632 3415 cur
1651 3368 1749 3416 hoc
1777 3368 1939 3438 potius
1958 3404 1974 3432 ‚
1994 3383 2145 3431 quam
2174 3367 2228 3415 in
2252 3366 2375 3415 locis
2407 3381 2502 3414 nec

474 3458 710 3521 suspectis
729 3473 823 3505 nec
857 3455 995 3504 dubii
1024 3471 1221 3518 sensus,
1257 3457 1478 3519 quamvis
1498 3473 1615 3506 cum
1647 3458 1755 3506 aliis
1773 3494 1788 3520 ‚
1809 3457 2033 3506 obscuris
2053 3463 2201 3520 atque
2223 3455 2465 3519 ambiguis,
2482 3489 2499 3517 ‚

476 3560 581 3595 non
610 3547 799 3611 liquide
838 3547 1134 3602 conveniant
1150 3583 1166 3610 ‚
1199 3546 1391 3600 solitam
1418 3548 1778 3602 vocabulorum
1809 3548 1862 3597 in
1890 3545 2187 3615 quibusdem
2221 3546 2369 3599 rebus
2402 3545 2503 3600 vim

476 3638 834 3702 propriumque
861 3654 1005 3687 usum
1037 3634 1290 3688 retinere?
1320 3637 1461 3700 Quod
1482 3639 1535 3687 in
1569 3644 1810 3710 utroque,
1846 3655 1997 3703 quem
2016 3637 2253 3699 diximus,
2288 3636 2400 3684 loco
2426 3635 2501 3684 fa-

476 3726 694 3791 cientes,
731 3728 982 3777 Ciceronis
1015 3728 1165 3778 etism
1191 3744 1296 3778 oevo
1331 3729 1506 3778 classes
1524 3766 1539 3792 ,
1573 3729 1919 3799 centuriasque
1953 3727 2005 3777 in
2028 3727 2262 3791 singulis,
2293 3725 2381 3782 sed
2399 3741 2500 3774 non

477 3817 682 3881 eodem,
702 3834 802 3881 quo
821 3819 940 3866 olim
954 3856 969 3882 ‚
989 3835 1200 3868 numero
1215 3820 1474 3869 habemus.
1517 3819 1679 3883 Quum
1700 3818 1850 3881 igitur
1881 3816 2068 3867 eodem
2098 3815 2335 3865 centurio
2353 3816 2502 3866 simul

478 3907 709 3956 classium
729 3926 756 3956 c
779 3926 933 3957 censu
951 3915 1002 3959 et
1022 3909 1242 3959 tribuum
1254 3914 1416 3975 partos
1438 3910 1538 3957 siut
1557 3946 1574 3972 ‚
1591 3908 1812 3957 tribuum
1823 3912 1986 3958 autem
2015 3911 2176 3972 partes
2200 3907 2385 3971 fingere
2410 3921 2500 3955 ne-

480 4011 719 4058 queamus
737 3999 829 4045 nisi
851 4000 910 4046 iis
932 4000 1201 4064 adscriptos
1222 4001 1352 4048 cives
1371 4037 1385 4060 ,
1413 4015 1632 4062 necesse,
1658 3999 1747 4046 hos
1763 3998 1815 4046 in
1834 3997 2055 4062 qualibet
2071 3996 2207 4045 tribu
2226 4013 2254 4046 e
2270 4012 2422 4046 censu
2445 3997 2499 4044 iu

479 4089 726 4136 centurias
747 4087 931 4152 dividi,
954 4092 1125 4155 sicque
1160 4092 1211 4139 in
1230 4092 1453 4155 qualibet
1475 4091 1611 4139 tribu
1646 4106 1748 4138 esse
1781 4089 2055 4138 centuriam
2090 4104 2239 4136 unam
2272 4088 2498 4152 pluresve

480 4174 651 4249 primae
670 4213 687 4243 ,
710 4177 937 4227 secundm
950 4215 965 4245 ‚
994 4187 1044 4231 et
1061 4180 1365 4244 reliqum-um
1396 4179 1620 4244 quinque
1637 4177 1902 4246 classium3
1931 4182 2075 4229 sextio
2095 4178 2225 4229 enim
2244 4182 2350 4226 tum
2367 4191 2494 4247 quo-
