3111 4829
1352 421 1376 503 (
1423 420 1538 482 ¹9⁷
1583 422 1607 502 )

474 559 803 644 pecuniam
845 555 1012 643 apud
1055 558 1224 642 signa
1274 554 1607 641 depositam
1650 553 2058 619 custodientes
2104 551 2253 641 13),
2304 555 2488 620 simul

475 671 790 757 vectigalia
814 681 873 734 et
904 670 1126 733 tributa
1159 691 1304 733 cum
1330 669 1447 732 alia
1468 716 1486 751 ,
1514 678 1650 730 tum
1673 667 1969 731 frumenti
1998 666 2336 752 cogebant,
2359 691 2499 734 ma-

475 783 816 870 nubiasquc
861 780 1244 864 vendebant,
1292 780 1369 845 de
1405 779 1502 843 his
1534 779 1824 842 omnibus
1861 778 1941 842 ad
1980 778 2243 843 urbanos
2271 778 2499 859 Quaes—

474 908 631 962 tores
676 898 1031 961 referente&
1079 894 1278 960 Iidem
1326 892 1678 958 mandatam
1718 916 1754 957 a
1798 893 2124 977 provinciae
2161 894 2497 958 rectoribus

465 1010 958 1096 jurisdictionem
1013 1009 1351 1074 exercuisse
1403 1007 1806 1071 inveniuntur
1869 1000 2020 1091 14),
2069 1004 2381 1070 interdum
2436 1018 2497 1071 et

471 1125 816 1190 absentium
849 1123 1042 1188 vicem
1074 1124 1417 1208 implentes.

538 1263 587 1327 1)
613 1261 824 1326 Insignis
853 1261 915 1309 de
939 1260 1173 1325 primario
1198 1246 1386 1307 'horum
1410 1258 1574 1318 officio
1605 1256 1744 1304 locus
1773 1254 1904 1303 Plut.
1930 1254 1983 1302 in
2008 1255 2118 1305 Cat.
2141 1258 2271 1304 onia.
2293 1272 2343 1321 p.
2375 1257 2493 1309 766.

471 1366 582 1414 sqq.
600 1378 660 1387 —
679 1350 732 1410 2)
769 1350 845 1397 cf.
874 1348 1074 1412 Dionys.
1102 1347 1134 1396 7
1154 1384 1170 1410 ,
1196 1347 1278 1396 65.
1299 1374 1359 1383 —
1379 1345 1435 1408 ὅ)
1471 1345 1546 1393 cf.
1571 1345 1698 1393 Gell.
1728 1343 1818 1406 13,
1844 1342 1927 1392 24.
1945 1371 2006 1380 —
2026 1343 2079 1407 4)
2116 1338 2191 1392 Cf.
2226 1345 2357 1394 Plut.
2379 1347 2491 1396 Cat.

468 1442 597 1488 min.
619 1455 673 1503 p.
694 1437 812 1487 766.
833 1463 897 1475 --
919 1437 972 1501 5)
1008 1437 1084 1484 Cf.
1107 1436 1240 1484 Plut.
1270 1435 1464 1498 Quaest.
1486 1433 1640 1484 Rom.
1673 1432 1738 1481 42
1758 1468 1775 1496 ,
1799 1432 1911 1480 val.
1937 1433 2003 1480 Μ.
2026 1432 2087 1494 5,
2112 1433 2137 1482 1
2155 1470 2173 1498 ,
2200 1435 2249 1484 1.
2273 1462 2333 1472 —-
2352 1436 2405 1501 6)
2426 1436 2492 1485 V.

469 1528 577 1577 Liv.
614 1528 677 1592 ὅ,
702 1526 796 1588 69,
833 1525 893 1588 7,
931 1526 1014 1574 23.
1035 1552 1098 1564 --
1118 1524 1172 1586 7)
1190 1525 1253 1572 V.
1297 1523 1407 1571 Val.
1428 1523 1494 1570 Μ.
1518 1521 1585 1585 2,
1626 1521 1657 1570 8
1677 1559 1693 1586 ,
1737 1522 1785 1571 1.
1808 1549 1866 1558 --
1893 1520 1946 1583 8)
1969 1521 2044 1569 Cf.
2072 1522 2206 1571 Suet.
2225 1527 2365 1588 Auq.
2388 1527 2487 1590 56,

470 1619 641 1669 Creuz.
680 1615 877 1686 §.152
901 1617 1034 1679 -9)
1057 1618 1138 1665 AEs
1173 1616 1406 1664 militare.
1438 1615 1501 1663 V.
1526 1611 1572 1682 §.
1611 1613 1726 1663 271.
1764 1629 1814 1662 c.
1837 1614 1912 1662 Cf.
1953 1614 2079 1663 Gell.
2102 1614 2164 1671 7„
2206 1616 2299 1680 10,
2324 1618 2486 1667 Plaut.

470 1707 656 1756 Aulul.
682 1705 715 1753 3
736 1742 751 1769 ,
777 1704 838 1769 5,
858 1704 940 1753 52.
961 1732 1022 1740 -—·
1045 1703 1127 1767 10)
1148 1702 1211 1751 V.
1234 1703 1392 1751 Varro
1414 1704 1476 1750 do
1504 1702 1568 1756 L.
1588 1701 1651 1750 L.
1675 1702 1713 1749 l.
1737 1700 1797 1765 4,
1832 1718 1885 1766 p.
1909 1701 1993 1750 42.
2012 1728 2077 1739 —
2099 1702 2180 1767 11)
2202 1703 2394 1768 δαί-4,
2417 1705 2449 1754 7
2470 1742 2487 1769 ,

462 1811 524 1860 p.
544 1795 726 1846 Plane.
749 1795 799 1844 8.
822 1824 882 1832 —
906 1796 988 1856 12)
1013 1795 1082 1843 De
1104 1811 1195 1859 pro
1221 1795 1470 1858 Quaestore
1487 1831 1504 1858 ,
1542 1799 1599 1841 ut
1623 1793 1884 1856 Quaestoris
1919 1794 2230 1857 provincialis
2265 1794 2447 1842 vicario
2466 1831 2486 1860 ,

469 1886 537 1934 cs.
558 1886 814 1949 ambiguos
841 1887 974 1934 locos
993 1885 1097 1933 Cic.
1125 1883 1276 1933 Ver-r.
1300 1883 1323 1932 1
1343 1921 1359 1948 ,
1399 1883 1460 1933 15
1486 1890 1538 1933 et
1558 1884 1640 1933 56.
1661 1883 1766 1933 Cic.
1799 1884 1927 1932 Dn'v.
1964 1879 2093 1951 §.19
2116 1888 2168 1932 et
2184 1883 2269 1931 alii
2303 1889 2355 1933 et
2384 1885 2490 1949 ipse

468 1976 594 2026 male
627 1976 728 2027 huc
759 1976 902 2026 traxi.
922 2003 984 2013 —
1010 1974 1091 2040 13)
1118 1974 1193 2026 Cf.
1228 1974 1365 2026 suet.
1391 1974 1517 2026 Coeae.
1541 1974 1594 2023 7.
1621 1973 1784 2037 -142
1808 1974 1882 2022 Cf.
1923 1973 2029 2022 Cic.
2067 1975 2138 2023 ad
2170 1974 2296 2023 Dio.
2334 1973 2394 2038 2,
2424 1970 2488 2022 15

466 2069 516 2111 et
540 2063 619 2113 18.

557 2207 707 2270 214.
756 2206 887 2269 Sub
928 2205 1410 2290 Imperatoribus
1458 2215 1760 2289 quaestura
1788 2251 1805 2286 ,
1857 2226 1936 2267 ne
1987 2214 2280 2288 perpetua
2327 2202 2482 2287 qui—-

468 2316 648 2400 dem,
690 2328 761 2381 ut
802 2341 838 2381 e
880 2318 1086 2382 Tacito
1130 2315 1201 2405 ³1)
1241 2317 1554 2403 colligitur
1579 2365 1596 2398 ,
1628 2318 1851 2380 multas
1879 2316 2241 2402 crebrasque
2265 2325 2483 2380 muta-

464 2433 658 2496 tiones
698 2443 938 2517 experta
984 2430 1092 2520 2),
1131 2433 1198 2495 in
1236 2431 1461 2518 quibus
1500 2431 1579 2495 ab
1604 2432 1882 2515 Augusto
1912 2428 2073 2492 binis
2117 2429 2485 2493 Praetoribus

465 2544 750 2610 mandata
771 2546 968 2610 aerarii
988 2568 1137 2611 cura
1159 2542 1265 2632 3),
1294 2566 1432 2631 quae
1459 2569 1494 2609 a
1521 2542 1775 2610 Claudio
1814 2540 1881 2631 4)
1906 2543 2308 2607 triennalibus
2335 2541 2482 2607 red-

465 2657 587 2722 dita
611 2707 629 2742 ,
661 2659 807 2723 inde
842 2660 921 2724 ab
951 2662 1192 2725 Nerone
1221 2658 1299 2724 ad
1328 2659 1670 2740 Quaestores
1695 2668 1823 2723 non
1849 2656 2095 2724 rediisse
2120 2657 2359 2722 videtur
2385 2654 2480 2743 5).

460 2772 697 2836 Novum
761 2796 955 2860 genus
1017 2774 1402 2855 Quaestorum
1437 2822 1455 2857 ,
1514 2772 1630 2838 sub
1689 2775 1965 2860 Augusto
2017 2773 2287 2858 primum
2306 2820 2324 2854 ,
2375 2770 2483 2835 sed

467 2886 743 2951 nondum
792 2898 1087 2973 perpetuo
1140 2909 1440 2970 munere,
1493 2898 1883 2952 occurrentes
1936 2883 2046 2972 6),
2097 2885 2480 2971 QuaestoreS,

470 2997 828 3084 Candidati,
906 3012 1200 3087 tanquam
1271 3000 1351 3065 ad
1422 3001 1684 3084 majores
1755 2999 2013 3064 honores
2071 2998 2483 3084 adspirantes,

463 3115 677 3200 opinor
727 3114 819 3205 (v.
864 3116 924 3201 5.
970 3113 1216 3202 .184.)‚
1262 3113 1578 3201 iidemque
1642 3113 1963 3182 Candidati
2025 3124 2084 3177 et
2140 3114 2483 3194 Quaestores

460 3228 759 3313 Principis
795 3250 833 3292 a
875 3250 1137 3291 munere
1162 3276 1179 3308 ‚
1231 3237 1434 3313 utpote
1474 3227 1836 3312 Principum
1882 3226 2116 3290 libellos
2159 3227 2227 3289 in
2269 3235 2488 3289 senatu

355 3398 361 3403 .
464 3342 772 3428 legenteS,
821 3341 1109 3427 adpellati
1152 3340 1241 3430 7).
1292 3342 1451 3406 Cum
1499 3342 1862 3426 Principum
1904 3340 2264 3405 auctoritate
2296 3341 2489 3403 crevit

464 3454 726 3541 dignitas
753 3455 1029 3522 muneris
1052 3503 1069 3537 ‚
1101 3455 1243 3520 filiis
1274 3455 1456 3519 etiam
1481 3477 1693 3521 eorum
1739 3465 1799 3517 et
1836 3455 1901 3518 in
1942 3455 2198 3539 imperio
2241 3474 2486 3517 succes-

466 3570 618 3632 suris
659 3567 932 3634 mandati
974 3566 1063 3654 8).
1114 3569 1422 3632 Postremo
1462 3568 1850 3633 Cancellariis
1887 3569 2103 3631 uostris
2143 3590 2267 3631 non
2308 3567 2484 3630 absi-

465 3683 640 3747 miles
687 3681 796 3770 9),
849 3697 1106 3770 tumque
1155 3683 1497 3764 Quaestores
1539 3683 1758 3748 Palatii
1807 3684 2000 3746 vocati
2046 3683 2484 3764 inveniuntur,

465 3794 783 3861 dubitante
823 3810 1028 3862 tamen
1081 3797 1376 3861 Creuzero
1440 3793 1598 3884 10),
1654 3818 1733 3858 an
1779 3817 1933 3859 nova
1987 3795 2120 3860 haec
2166 3796 2488 3882 majorque

464 3910 727 3996 dignitas
768 3911 899 4001 11).
944 3912 1040 3976 Ab
1080 3912 1403 3993 omnibns,
1447 3931 1600 3999 quos
1639 3911 2109 3975 memoravimus
2133 3959 2150 3994 ,
2194 3909 2484 3975 differunt

465 4023 803 4104 Quaestores
847 4027 1166 4092 Parricidii
1211 4026 1302 4116 (§.
1348 4022 1539 4113 263.)
1576 4024 1902 4111 Classicus,
1942 4048 2151 4094 rerum
2195 4026 2481 4113 ignarus,

463 4135 700 4203 induxit
730 4139 929 4226 Lydus
966 4138 1091 4227 12).
