3111 4829
1571 413 1791 494 (32)

670 548 913 614 diversa
935 597 954 633 ,
995 548 1171 635 Nigir
1202 597 1219 632 ‚
1266 548 1380 613 Gir
1402 560 1431 631 ‚'
1465 544 1647 611 urbes
1684 545 1929 632 Nigira,
1986 546 2299 613 Thabudis
2323 596 2342 631 ‚
2385 548 2692 634 Garama,

664 663 884 751 Gyra3
937 662 1148 749 populi
1195 661 1592 727 Garamantes
1619 707 1637 740 ,
1669 659 1925 746 Nigritae
1949 709 1966 744 ‚
2019 661 2339 749 AEthiopes
2383 665 2685 751 Hesperii.

677 779 913 844 Diversi
938 777 1252 862 AEthiopes
1290 795 1474 858 supra
1513 774 1856 859 AEgyptum
1894 774 2057 839 intra
2083 775 2441 863 Libyam'et
2484 780 2692 846 sinum

676 891 1011 959 Arabicum
1036 940 1053 975 ‚
1098 909 1363 977 quorum
1393 886 1654 951 flumina
1708 887 1916 971 Nilus,
1966 886 2230 975 Astapus
2252 936 2271 972 ,
2313 890 2639 958 Astaboras
2671 943 2692 979 ,

675 1007 889 1093 populi
917 1005 1283 1089 Blemmyes,
1319 998 1611 1083 Sebridoe,
1637 1000 1864 1083 Nubae,
1895 1000 2078 1065 urbes
2097 1001 2176 1065 ad
2201 1001 2404 1068 Nilum
2426 1006 2652 1091 Napata
2673 1056 2692 1091 ,

674 1119 908 1186 Premis
948 1140 1173 1204 magna
1229 1127 1291 1181 et
1335 1138 1516 1202 parva
1538 1165 1555 1199 ,
1620 1116 1865 1199 Meroe,
1894 1114 1975 1180 ad
2025 1116 2382 1183 Astaboram
2434 1122 2583 1185 Eser
2629 1134 2696 1187 et

661 1231 977 1297 Auxuma.
1005 1230 1080 1293 In
1100 1252 1205 1295 ora
1232 1229 1402 1293 sinus
1431 1228 1679 1294 Arabici
1727 1227 2161 1317 Troglodytaej(
2183 1229 2606 1318 Troglodytice
2626 1237 2651 1311 )
2671 1281 2692 1317 ,

672 1343 785 1413 ubi
832 1342 1155 1406 Ptolemais
1183 1343 1454 1406 ferarum
1481 1389 1498 1422 ‚
1523 1341 1698 1405 Saboe
1720 1390 1737 1423 ‚
1772 1340 2022 1425 Arimis,
2061 1342 2355 1408 Berenice
2394 1344 2698 1433 Epidires,

673 1468 737 1523 et
754 1457 915 1520 inter
935 1455 1162 1520 insulas
1184 1453 1398 1519 Orine.
1424 1455 1621 1539 Supra
1664 1452 2042 1540 AEthiopiam
2068 1457 2239 1543 regio
2267 1458 2694 1525 cinnamomi-

672 1572 848 1654 fera,
892 1579 953 1635 et
993 1567 1071 1634 ad
1115 1591 1284 1633 mare
1319 1567 1705 1655 Erythraeum
1763 1569 1992 1635 Azania
2012 1617 2031 1652 ‚
2075 1571 2144 1634 in
2185 1570 2588 1658 Elephantem
2623 1586 2697 1640 et

668 1688 968 1754 ,Aromata
989 1736 1006 1771 ‚
1050 1685 1492 1773 promontoria,
1544 1706 1927 1772 procurrens.
1975 1686 2167 1751 Trans
2216 1688 2444 1755 lineam
2481 1689 2694 1778 aequi*

677 1802 1004 1868 noctialem
1027 1798 1365 1887 Agizymba
1396 1848 1417 1882 ‚
1443 1809 1504 1863 et
1526 1797 1848 1886 AEthiopes
1866 1797 2377 1890 anthropophagi.

1537 1985 1830 2054 ROMA.

769 2152 879 2221 37.
925 2152 1237 2219 Nascentis
1295 2151 1518 2219 Romae
1552 2150 1803 2219 historia
1829 2201 1847 2238 ‚
1906 2148 2185 2242 quamvis
2218 2150 2404 2244 vulgo
2458 2152 2696 2245 aliquot

563 2291 573 2306 ·
671 2268 908 2336 saeculis
936 2266 1412 2355 postmythicam
1444 2266 1806 2332 Graecorum
1829 2271 2113 2333 aetatem
2094 2269 2436 2355 incipiens,
2462 2271 2691 2339 fabulis

671 2382 959 2465 referta,
941 2404 1009 2447 m
1042 2380 1270 2468 quibus
1299 2379 1441 2447 ficta
1462 2403 1499 2447 a
1528 2382 1688 2447 veris
1716 2380 2066 2448 discernere
2091 2405 2217 2449 non
2243 2378 2541 2451 difficile·
2497 2405 2645 2471 jam
2668 2434 2689 2471 ,

672 2496 779 2562 sed
802 2493 1250 2580 desperandum
1270 2494 1531 2561 videtur.
1558 2497 1803 2562 Etenim
1828 2508 2129 2562 etveteres
2156 2547 2173 2580 ‚
2188 2499 2300 2585 qui
2318 2512 2689 2586 supersunt,

672 2608 1034 2693 scriptoreS,
1056 2604 1374 2669 obscuram
1399 2607 1662 2688 famam,
1692 2618 1752 2671 et
1774 2607 1854 2672 ab
1873 2609 2323 2694 antiquioribus
2342 2611 2506 2675 varie
2527 2634 2692 2677 nara-

671 2732 801 2787 rata
822 2769 840 2804 ,
887 2730 1227 2806 repetentes
1248 2718 1438 2801 ‚mire
1460 2718 1832 2784 dissentiunt
1855 2766 1874 2805 ,
1903 2731 1964 2785 et
1993 2724 2362 2788 recentiores
2383 2774 2400 2809 ‚
2433 2748 2471 2791 e
2512 2736 2695 2791 vete-

671 2834 844 2898 ribus
860 2855 967 2897 sua
991 2823 1345 2896 haurientes
1358 2879 1375 2913 ,
1404 2833 1827 2896 monumentis
1847 2881 1865 2916 ,
1886 2849 2149 2920 quorum
2167 2835 2289 2900 illis
2309 2838 2378 2902 in
2397 2849 2694 2924 promptu

668 2947 847 3034 copia
869 2993 887 3029 ,
915 2944 1263 3010 innumeris
1286 2943 1523 3008 amissis
1547 2993 1565 3028 ,
1587 2945 1927 3031 quamlibet
1944 2946 2157 3012 critica
2175 2958 2305 3013 arte
2328 2950 2694 3037 glorientur,

667 3083 800 3127 non
828 3072 954 3126 tam
974 3079 1115 3123 vera
1144 3058 1439 3124 invenere
1463 3106 1480 3141 ,
1514 3080 1705 3145 quam
1728 3106 1745 3143 ,
1770 3059 2034 3125 inveniri
2054 3083 2178 3125 non
2202 3084 2415 3148 posse,
2457 3064 2692 3130 docue-
2805 3053 2810 3056 ¹

668 3186 850 3258 runt,
871 3173 1068 3260 magis
1093 3170 1379 3251 nonnulli
1396 3170 1722 3254 laudandi,
1747 3171 1798 3235 si
1817 3193 1851 3237 a
1874 3171 2246 3257 conjecturis
2265 3176 2389 3241 sive
2411 3177 2694 3243 futilibus

670 3288 797 3352 sive
823 3286 1105 3374 speciosis
1148 3284 1603 3350 abstinuissent.
1647 3286 1749 3351 Sic
1785 3284 1863 3351 de
1887 3286 2203 3354 conditore
2225 3337 2244 3374 ,
2267 3288 2345 3356 de
2382 3312 2546 3356 anno
2571 3338 2588 3374 ,
2611 3290 2691 3356 de

670 3402 925 3469 nomine
949 3451 966 3487 ‚
994 3423 1197 3489 neque
1219 3400 1427 3466 minus
1447 3399 1524 3465 de
1545 3400 1762 3486 primis
1779 3400 1996 3468 Romae
2023 3402 2240 3469 incolis
2269 3402 2484 3469 eadem
2504 3451 2522 3487 ,
2549 3420 2692 3490 quae

671 3529 957 3584 veterum
977 3567 994 3602 ,
1019 3516 1424 3583 controversia
1448 3511 1844 3604 relinquitur.

762 3634 1067 3699 Caeterum
1088 3631 1359 3719 vulgaris
1391 3630 1603 3715 opinio
1641 3630 2027 3697 conditorem
2055 3630 2401 3696 Romulum
2423 3679 2442 3714 ‚
2470 3631 2690 3719 Sylviae

672 3743 929 3815 Vestalis
956 3746 1158 3811 filium
1185 3792 1203 3829 ‚
1235 3744 1333 3809 ⁷rel
1372 3744 1571 3808 solum
1615 3745 1711 3809 vel
1758 3765 1904 3809 cum
1933 3745 2119 3809 fratre
2143 3745 2342 3808 Remo
2382 3744 2549 3811 fecit.
2590 3747 2689 3812 Ad
2745 3771 2754 3780 ·

673 3880 777 3923 eos
799 3859 964 3922 enim
990 3861 1340 3924 referuntur
1360 3857 1530 3923 urbis
1551 3858 1620 3921 in
1632 3858 1906 3922 Palatino
1928 3865 2139 3932 monte
2169 3856 2343 3923 initia
2375 3860 2467 3944 1):
2499 3881 2689 3947 quem

668 3970 879 4037 iocum
899 3965 1131 4058 aliquot
1149 3984 1293 4040 ante
1315 3974 1549 4038 saeculis
1571 3969 1924 4037 Evandrum
1940 4019 1957 4054 ,
1980 3993 2050 4036 ex
2072 3969 2261 4036 Ardia
2285 3973 2654 4061 migrantem
2670 4026 2688 4061 ‚

671 4104 815 4149 cum
847 4084 970 4149 suis
992 4084 1256 4151 tenuisse
1278 4132 1296 4169 ,
1347 4083 1703 4170 ibidemque
1752 4082 1972 4151 urbem
2025 4083 2486 4173 (Pallamium)
2531 4110 2686 4154 con-
