3111 4829
1523 397 1771 473 (320)

649 533 888 598 dotib‘us
913 532 1178 597 ministri
1213 533 1334 596 sive
1375 528 1682 615 adjutores
1718 555 1953 600 eorum.
1989 531 2262 622 Singulis
2296 536 2662 603 numinibus

647 648 830 712 dicati
881 657 1299 711 memorantur
1349 645 1690 728 Flamines,
1753 649 2040 734 Virgines
2089 653 2398 736 Vestales,
2465 653 2658 733 Salii,

647 762 948 849 Luperci,
986 759 1182 839 Galli;
1214 759 1460 822 alterius
1485 760 1726 844 generis
1766 773 1907 824 sunt
1947 765 2307 847 Pontifices,
2332 768 2618 851 Augures
2650 814 2667 849 ,

645 873 1051 958 Haruspices,
1102 869 1594 951 Q'uindecimviri
1656 872 1839 935 sacris
1908 875 2252 959 faciundis,
2300 877 2665 963 Septemviri

645 988 990 1072 Epulones,
1048 986 1281 1049 Fratres
1332 983 1611 1067 Arvales,
1660 986 1955 1071 FetialeS‚
2010 991 2306 1055 Curiones
2331 1040 2349 1074 ,
2411 989 2664 1056 Sodales

648 1100 830 1183 Titii,
864 1100 999 1163 Rex
1034 1100 1380 1163 Sacrorum.

716 1246 766 1309 1)
791 1245 833 1292 A
855 1261 1023 1308 sacer,
1062 1242 1196 1307 quod
1218 1240 1418 1306 quidam
1450 1256 1477 1288 a
1501 1247 1662 1312 '2⁸2⁰‘
1678 1278 1693 1306 ,
1711 1249 1922 1309 septum,
1946 1245 2134 1294 sanum.
2152 1273 2209 1282 —
2231 1243 2282 1308 2)
2308 1242 2413 1307 Quo
2431 1244 2661 1294 trahendi

537 1363 545 1380 .
648 1324 762 1373 Salii
779 1361 795 1388 ,
818 1324 1063 1373 Flamines
1094 1327 1146 1370 et
1178 1322 1279 1370 Rex
1299 1337 1573 1371 sacrorum.
1596 1324 1675 1372 Cf.
1714 1324 1819 1372 Cic.
1855 1340 1915 1386 p.
1942 1325 2128 1374 Domo.
2164 1321 2246 1372 14.
2264 1351 2326 1359 —
2349 1322 2403 1385 ὅ)
2428 1323 2505 1372 Cs.
2529 1322 2662 1372 Ptin.

649 1416 726 1465 H.
751 1414 824 1465 Ν.
849 1414 940 1480 10,
965 1415 1030 1464 20
1049 1451 1065 1479 ‚
1089 1414 1202 1463 Sen.
1226 1415 1340 1478 Ep.
1364 1412 1429 1462 95
1452 1416 1623 1466 et123
1643 1452 1660 1480 ,
1685 1417 1805 1465 Bor.
1829 1415 1928 1465 od.
1950 1415 2009 1478 2,
2036 1413 2097 1464 14
2118 1420 2243 1463 extr.

1005 1577 1388 1621 SACERDOTES
1434 1578 1561 1620 1¹01<
1606 1578 2004 1622 smGunolmn
2050 1577 2318 1621 DEORU-

738 1699 886 1763 318.
935 1697 1258 1762 Pontifices
1297 1694 1359 1784 1)
1388 1698 1589 1764 Numa
1621 1697 1883 1763 instituit
1920 1692 2011 1785 2).
2051 1697 2268 1780 Initio,
2298 1696 2535 1779 nescio,
2585 1718 2669 1759 an

652 1834 851 1894 unus,
884 1821 1013 1897 post
1056 1821 1318 1898 quatuor
1364 1812 1602 1896 patricii
1643 1807 1743 1898 3),
1789 1833 1844 1876 a.
1881 1813 2028 1875 459.
2076 1809 2330 1876 totidem
2373 1808 2449 1874 de
2493 1808 2673 1895 plebe

649 1925 849 2008 aucti3
872 1935 1207 2011 postremo,
1239 1935 1466 2010 septem
1497 1948 1534 1989 a
1574 1925 1733 2011 Sylla
1765 1924 2048 2008 adjectis,
2083 1924 2441 2011 quindecim
2468 1925 2665 1987 fuere.

650 2039 730 2102 Hi
753 2087 769 2121 ‚
795 2039 1076 2102 universo
1101 2037 1361 2102 deorum
1387 2039 1584 2103 cultui
1609 2038 2118 2123 sacerdotumque
2141 2037 2476 2123 disciplinae
2509 2057 2672 2121 prae-

652 2154 796 2217 fecti
824 2202 840 2236 ‚
870 2163 941 2217 ut
970 2175 1135 2217 sacra
1160 2152 1406 2237 publica
1443 2152 1557 2215 rite
1589 2151 1843 2235 fierent,
1868 2152 2098 2237 privata
2133 2152 2312 2215 etiam
2350 2173 2426 2214 ne
2456 2150 2673 2236 negli—

653 2277 944 2353 gerentur
964 2315 981 2348 ,
1038 2276 1324 2331 curantes
1373 2261 1449 2351 4)
1474 2313 1491 2349 ,
1540 2265 1719 2327 fastos
1763 2286 2009 2351 quoque
2035 2312 2051 2347 ‚
2109 2264 2231 2327 sive
2294 2247 2535 2328 dierum
2594 2262 2674 2327 ab

653 2380 952 2466 religione
974 2377 1345 2465 pendentem
1372 2376 1828 2442 distinctionem
1858 2375 1955 2468 (§.
1987 2374 2169 2465 359.)
2196 2376 2557 2443 ordinabant
2582 2374 2674 2466 5),

653 2507 715 2559 et
742 2496 808 2558 in
838 2494 1047 2558 litibus
1075 2515 1220 2557 cum
1252 2492 1551 2578 religione
1582 2492 1929 2576 conjunctis
1955 2492 2319 2576 judicabant
2343 2541 2360 2575 ,
2386 2492 2552 2557 unde
2567 2493 2677 2577 jus

651 2606 1041 2694 pontificium
1067 2603 1134 2693 6)
1160 2654 1176 2688 ‚
1203 2606 1572 2691 arrogationi
1598 2603 1696 2696 (§.
1725 2603 1870 2692 89.)
1905 2606 2088 2670 etiam
2121 2616 2182 2670 et
2201 2607 2675 2671 confarreationi

654 2720 753 2809 (§.
785 2715 978 2806 477.)
1012 2729 1355 2803 praesentes.

637 2848 641 2853 ’
744 2834 968 2897 Praeses
989 2831 1231 2917 collegii
1254 2830 1611 2917 amplissimi
1640 2833 1914 2896 Pontifex
1936 2832 2235 2895 Maximus
2261 2881 2277 2915 ‚
2301 2832 2512 2918 populi
2535 2833 2681 2895 suf—

657 2945 907 3031 fragiis,
931 2943 1087 3009 etad
1110 2967 1166 3009 a.
1190 2945 1262 3009 U.
1296 2945 1362 3009 C.
1392 2947 1542 3008 510.
1567 2967 1601 3007 e
1618 2944 1886 3030 patriciis
1914 2954 2174 3009 creatus.
2198 2944 2685 3030 Distinguuntur

664 3059 847 3123 etiam
890 3057 1211 3122 Pontifices
1237 3058 1501 3141 majores
1531 3069 1591 3121 et
1620 3058 1924 3140 minores3
1954 3079 2082 3144 quo
2110 3058 2363 3120 nomine
2400 3058 2507 3121 alii
2535 3059 2683 3123 olim

664 3171 888 3255 scribas
934 3172 1339 3255 Pontificum,
1381 3173 1486 3235 alii
1530 3193 1565 3235 a
1609 3172 1773 3258 Sylla
1818 3170 2054 3235 additos
2093 3170 2422 3257 adpellatos
2452 3172 2683 3235 volunt.

662 3286 974 3351 Pontificis
1024 3285 1103 3348 M.
1156 3286 1462 3370 praecipua
1506 3306 1657 3349 cura
1702 3285 1905 3348 cultus
1949 3285 2147 3351 Vestae
2200 3296 2261 3348 et
2306 3274 2687 3348 sacerdotum

662 3396 1052 3464 consecratio.
1082 3397 1437 3482 Antiquitus
1463 3398 1715 3460 annales
1738 3418 1986 3483 quoque
2012 3396 2407 3478 conficiebat,
2439 3396 2546 3481 qui
2571 3418 2693 3458 an-

666 3516 831 3579 nales
858 3508 1226 3577 Pontificum
1245 3559 1262 3593 ,
1294 3512 1543 3573 annales
1572 3509 1822 3572 maximi
1851 3523 2148 3574 vocantur
2172 3508 2261 3597 7).
2295 3511 2368 3572 In
2393 3508 2590 3571 causis
2612 3508 2694 3573 ad

663 3628 1028 3714 religionem
1072 3624 1486 3711 spectantibus
1529 3646 1565 3687 e
1594 3623 1838 3709 collegii
1891 3625 2187 3688 sententia
2219 3614 2694 3707 pronuntiabat,

665 3763 888 3827 magna
914 3738 1295 3821 auctoritate,
1321 3759 1527 3824 neque
1546 3747 1754 3801 tamen
1779 3737 1909 3801 sine
1936 3737 2354 3823 provocatione
2381 3732 2469 3824 8).
2496 3735 2696 3818 Idem,

665 3875 925 3917 munere
970 3876 1077 3939 per
1104 3853 1291 3916 vitam
1337 3852 1645 3936 fungens,
1675 3873 1818 3915 cum
1852 3852 2026 3937 Rege
2058 3848 2398 3913 sacrificulo
2429 3850 2695 3935 Regiam

665 3968 970 4033 incolebat
1017 3966 1123 4053 9).
1166 3968 1542 4054 Dignitatem
1595 3967 1730 4052 ejus
1775 3968 2102 4033 maximam
2148 3966 2455 4030 Caesarum
2502 3965 2694 4030 titulis

667 4082 1018 4163 accessisse,
1059 4104 1238 4166 supra
1273 4081 1596 4145 docuimus
1630 4079 1725 4169 (§.
1770 4077 1964 4163 222.)
2007 4081 2082 4143 In
2129 4080 2362 4143 caeteris
2399 4081 2661 4143 refertur
2686 4149 2701 4180 ‚
