3111 4829
1532 397 1560 480 (
1599 397 1719 461 236
1756 397 1783 480 )

661 535 933 598 conferre
970 535 1224 615 coactis,
1256 553 1517 620 quorum
1548 552 1657 615 per
1693 530 1846 594 fines
1873 515 2401 614 proficiscebatur}
2432 536 2494 590 et
2521 523 2671 612 qui-

663 646 805 712 dam
841 646 990 711 adeo
1038 646 1463 733 impudentes,
1509 653 1580 706 ut
1627 665 1663 707 a
1697 643 1906 705 vicinis
1935 662 2178 728 quoque
2223 640 2549 726 pecuniam
2594 658 2670 700 eo

659 761 910 824 nomine
932 760 1241 845 exigerent
1261 758 1350 843 5).
1384 758 1711 824 Rectorem
1742 753 2096 818 imitabatur
2124 753 2422 817 comitum
2457 752 2667 832 turba,

659 874 1015 958 rapinarum
1045 872 1178 956 ejus
1210 871 1574 956 plerumque
1611 867 1951 932 administri
1982 878 2041 930 et
2078 866 2221 931 socii
2243 875 2263 948 s,
2292 866 2372 928 ob
2409 884 2670 950 eamque

662 1007 794 1049 rem
822 987 1077 1070 impune
1105 994 1438 1070 grassantes
1461 979 1550 1069 6).
1586 980 1706 1046 Scd
1735 980 2014 1045 omnium
2043 979 2514 1064 provincialibus
2541 976 2672 1041 exi-

665 1097 1054 1162 tiosissimum
1093 1116 1389 1175 versurae,
1432 1093 1510 1159 ad
1557 1116 1706 1180 quas
1747 1093 1986 1157 tributis
2033 1092 2298 1178 oppressi
2334 1092 2671 1176 confugere

663 1208 1074 1296 cogebantur,
1116 1209 1351 1272 enormi
1394 1208 1626 1272 foenere
1667 1229 1705 1271 a
1746 1204 1977 1270 civibus
2011 1204 2306 1268 Romanis
2344 1204 2672 1289 pecuniam

663 1333 1012 1386 mutuantes
1038 1319 1141 1408 7),
1170 1332 1239 1385 ut
1260 1320 1445 1385 semel
1475 1318 1757 1405 impliciti
1780 1318 1885 1383 aeri
1908 1318 2107 1383 alieno
2132 1339 2194 1381 se
2217 1317 2514 1381 exsolvere
2541 1337 2669 1381 non

664 1447 923 1523 possent.

732 1620 782 1684 1)
802 1619 876 1668 Cs.
905 1621 1009 1668 Cic.
1024 1636 1086 1683 p.
1114 1620 1266 1670 Fone.
1286 1621 1347 1684 5,
1371 1623 1429 1672 in
1450 1619 1562 1669 Pis.
1586 1620 1681 1682 36,
1702 1621 1774 1668 ad
1794 1620 1898 1668 Aet.
1921 1616 2173 1682 5‚17.--
2191 1615 2253 1681 2)
2277 1616 2353 1664 Cf.
2378 1616 2483 1665 Cic.
2515 1614 2674 1666 Vm.

667 1709 700 1757 5
719 1746 735 1771 ,
759 1708 817 1758 81
845 1714 895 1756 et
916 1708 1008 1771 82,
1028 1711 1085 1756 in
1104 1709 1213 1757 Pis.
1232 1708 1315 1757 55.
1339 1736 1396 1744 -
1417 1709 1468 1774 5)
1490 1708 1566 1757 Cf.
1588 1708 1766 1771 Cimp.
1790 1707 1852 1755 1..
1874 1707 2029 1756 Man.
2050 1706 2132 1767 15,
2152 1707 2340 1754 adAtt.
2361 1705 2422 1766 5,
2446 1704 2503 1754 21
2522 1741 2538 1768 ,
2556 1704 2676 1753 Tac.

668 1799 844 1860 Aqrt‘c.
866 1795 946 1845 19.
968 1824 1027 1832 -
1051 1794 1113 1857 4)
1136 1794 1210 1844 Cf.
1242 1796 1346 1843 Cic.
1365 1812 1426 1859 p.
1447 1796 1510 1848 L.
1535 1796 1690 1845 Man.
1711 1796 1762 1844 5.
1783 1823 1846 1833 —
1865 1795 1918 1856 5)
1956 1796 2031 1844 Cf.
2069 1795 2173 1844 cio.
2197 1796 2267 1846 ad
2285 1799 2394 1844 Art.
2416 1795 2477 1856 5,
2499 1794 2554 1843 21
2581 1830 2597 1859 ,
2615 1811 2678 1857 p·

671 1886 735 1934 L.
761 1885 913 1935 Man.
938 1885 1021 1933 22.
1043 1911 1104 1923 --
1123 1885 1186 1947 6)
1212 1885 1289 1933 Cs.
1312 1885 1416 1934 Cic.
1447 1884 1597 1934 Verr.
1616 1884 1788 1948 2,10‚
1813 1885 1992 1934 Juven.
2015 1884 2046 1933 8
2065 1920 2081 1948 ,
2108 1883 2370 1949 127.—7)
2389 1883 2464 1933 Cf.
2484 1883 2588 1932 cic.
2610 1884 2684 1934 ad

668 1974 774 2022 Aet.
795 1974 854 2039 5,
878 1972 967 2038 18,
992 1974 1089 2040 20,
1112 1973 1204 2041 21,
1228 1973 1359 2042 6,1.
1377 1973 1440 2023 V.
1458 1974 1660 2040 Hegew.
1679 1972 1838 2026 Rom.
1864 1973 2091 2025 Finem.
2110 1989 2164 2043 p.
2187 1973 2285 2025 154
2302 1989 2413 2038 sqq.

759 2137 912 2203 256.
941 2136 1219 2222 Spoliatis
1247 2141 1574 2202 Rectorem
1596 2158 1706 2221 per
1729 2140 1954 2223 legatos
1982 2140 2199 2201 Romae
2218 2159 2502 2203 accusare
2524 2158 2683 2201 con-

669 2274 942 2334 cessum,
968 2249 1221 2334 judiciis
1251 2249 1327 2316 de
1354 2249 1744 2336 repetundis,
1777 2248 1854 2314 de
1882 2249 2166 2334 peculatu
2188 2297 2206 2334 ,
2247 2249 2326 2315 de
2368 2249 2684 2334 majestate

674 2364 1013 2431 constitutis
1037 2366 1123 2455 (§.
1158 2364 1284 2429 196
1307 2375 1368 2429 et
1394 2359 1608 2451 264.);
1629 2374 1691 2428 at
1712 2383 1941 2429 vanum
1965 2364 2333 2452 plerumque
2351 2363 2677 2449 auxilium3

672 2499 816 2541 nam
862 2477 1030 2561 leges
1073 2497 1183 2560 per
1220 2497 1282 2540 se
1322 2474 1511 2540 bonas
1548 2476 1730 2540 facile
1766 2475 2096 2541 eludebant
2134 2477 2224 2540 rei
2265 2487 2326 2541 et
2372 2476 2583 2541 divites
2622 2487 2683 2541 et

672 2586 950 2673 plerique
993 2596 1305 2673 potentes,
1333 2585 1646 2673 iidemque
1676 2610 1712 2652 a
1747 2587 2063 2671 judicibus
2088 2587 2423 2654 damnandi
2441 2638 2459 2673 ,
2488 2612 2641 2676 quos
2663 2637 2683 2673 ,

672 2722 711 2766 e
738 2700 1041 2765 senatorio
1061 2746 1080 2783 ,
1101 2699 1483 2785 aliquamdiu
1506 2722 1579 2764 ex
1600 2703 1864 2787 equestri
1886 2751 1904 2786 ,
1931 2723 2068 2766 mox
2091 2724 2163 2767 ex
2184 2715 2446 2791 utroque
2467 2702 2684 2767 ordine

671 2814 858 2877 lectos
907 2812 1005 2899 (§.
1057 2809 1292 2898 269.),
1336 2811 1675 2877 eorundem
1715 2814 2050 2879 criminum
2089 2817 2493 2899 conscientia,
2538 2814 2684 2899 aut’,

671 2925 1012 3012 provincias
1044 2924 1382 2991 ambientes
1400 2976 1418 3010 ,
1456 2948 1635 2991 reum
1664 2927 1944 2992 imitandi
1972 2929 2246 2993 voluntas
2273 2929 2583 3016 proniores
2604 2928 2687 2994 ad

674 3036 1122 3125 ignoscendum
1152 3037 1441 3103 reddebat
1490 3037 1576 3126 1).
1622 3041 1699 3105 Et
1739 3062 1886 3105 vero
1917 3041 2224 3108 Ciceronis
2253 3053 2427 3107 aetate
2446 3090 2464 3126 ,
2496 3063 2686 3128 quam

672 3152 778 3218 hic
808 3153 1189 3237 potissimum
1227 3153 1589 3239 respicimus
1612 3201 1631 3237 ‚
1675 3177 1711 3217 e
1749 3156 1958 3221 multis
1998 3178 2222 3241 paucos
2263 3167 2327 3220 et
2367 3157 2688 3243 plerosque

671 3264 1001 3331 levioribus
1026 3266 1222 3350 poenis
1242 3266 1558 3333 damnatos
1578 3289 1705 3332 esse
1726 3270 2065 3354 reperimus
2087 3266 2190 3358 2);
2211 3269 2441 3359 quippe
2469 3269 2521 3333 is
2551 3280 2688 3334 tum
2805 3296 2808 3299 ·

675 3389 806 3444 erat
852 3377 1205 3464 reipublicae
1242 3391 1431 3445 status
1449 3429 1467 3464 ,
1500 3393 1572 3445 ut
1598 3403 1801 3468 neque
1830 3384 1947 3448 alia
1984 3385 2146 3449 mala
2189 3383 2536 3449 remedium
2559 3406 2689 3469 epa-

671 3501 948 3557 terentur
972 3539 990 3575 ,
1025 3512 1230 3578 neque
1267 3493 1555 3578 primaria
1585 3493 1720 3577 ejus
1753 3496 1952 3560 ruinae
1981 3517 2161 3561 causa
2183 3544 2203 3579 ,
2238 3495 2499 3562 nefanda
2532 3517 2691 3581 pro-

671 3604 1015 3670 vinciarum
1056 3603 1517 3671 administratio.
1566 3604 1882 3674 Exhaustis
1919 3608 2195 3675 levamen
2234 3608 2439 3671 attulit
2482 3630 2688 3675 eversa

672 3718 917 3782 libertas
948 3713 1039 3806 3).
1090 3716 1221 3783 Sub
1262 3718 1594 3785 Caesaribus
1637 3731 1697 3785 et
1738 3722 2076 3789 Rectorum
2105 3730 2361 3807 potestas
2402 3720 2688 3786 circum-

675 3829 894 3914 scripta
912 3878 931 3913 ,
960 3841 1023 3895 et
1049 3830 1282 3917 rapinae
1312 3854 1762 3921 nonnunquam
1791 3856 1992 3900 severe
2021 3834 2296 3900 coercitae
2327 3829 2430 3921 4);
2458 3834 2691 3902 tributa

675 3951 883 4006 autem
929 3942 1008 4007 ab
1052 3946 1187 4009 aliis
1231 3946 1592 4032 imminuta,
1633 3946 1712 4013 ab
1740 3949 1875 4012 aliis
1902 3958 2112 4032 aucta,
2161 3945 2394 4030 donec,
2443 3946 2691 4013 labente

675 4053 981 4142 Imperio,
1020 4057 1098 4125 ad
1140 4081 1276 4129 eam
1320 4063 1545 4129 molem
1589 4063 1899 4130 cumulata
1947 4073 2129 4150 sunt,
2182 4073 2252 4127 ut
2298 4083 2376 4127 ne
2422 4070 2688 4128 extremo
