3111 4829
1502 400 1756 483 (152)

716 536 865 601 165.
904 533 1063 598 Ante
1094 535 1261 619 leges
1288 532 1630 597 tabellarias
1665 532 1761 621 1),
1798 532 2023 619 quibus
2057 532 2354 618 paulatim
2390 530 2455 593 in
2491 550 2632 591 om-

622 651 805 716 nibus
833 649 1220 715 comitiorum
1258 650 1456 713 causis
1484 649 1619 714 viva
1647 661 1798 732 vox,
1828 650 2106 735 quamvis
2135 667 2293 734 saepe
2324 645 2417 711 vel
2446 645 2634 708 invita

618 767 759 852 lege
798 785 1200 850 prorumpens
1236 759 1346 849 2),
1381 757 1702 827 interdicta
1722 809 1747 839 ,
1792 761 2021 848 singuli
2062 761 2222 826 cives
2256 752 2637 847 rogatoribus

620 873 1145 963 centuriarum·3)
1189 875 1551 962 suffragium
1595 876 1757 941 clare
1793 875 2116 959 dicebant3
2160 873 2271 961 qui
2313 896 2445 938 rem
2483 894 2639 958 per-

619 991 767 1055 ferri
798 987 1066 1072 volebat,
1104 1000 1175 1053 ut
1203 1010 1347 1052 sane
1387 988 1666 1073 videtur,
1706 986 2078 1074 respondens
2115 989 2216 1051 uti
2248 1008 2447 1075 royac
2470 1034 2488 1069 ‚
2528 985 2642 1072 qui
2717 1000 2722 1007 ‘

622 1101 909 1183 nolebat,
939 1101 1208 1188 antiquo
1252 1095 1351 1185 4).
1393 1099 1626 1164 Eadem
1648 1100 1940 1164 vocabula
1980 1108 2111 1185 post
2152 1094 2387 1163 tabellis
2428 1095 2644 1182 primis

621 1211 838 1278 litteris
860 1208 1148 1298 inscripta
1188 1210 1512 1278 dabantur.
1544 1212 1669 1294 Qui
1692 1213 2115 1300 magistratum
2141 1204 2334 1279 creari
2367 1211 2641 1297 aliquem

622 1328 893 1411 volebat,
936 1326 1071 1412 ejus
1113 1349 1342 1392 nomen
1376 1328 1829 1413 pronuntiabat.
1876 1328 1949 1391 In
1986 1326 2239 1412 judiciis
2276 1336 2486 1390 autem
2523 1324 2639 1386 tri-

621 1444 847 1531 plicem
877 1467 1087 1509 vocem
1111 1445 1402 1521 absolvo,
1431 1444 1778 1511 condemno
1797 1491 1819 1520 ,
1849 1466 1978 1508 non
2009 1445 2215 1531 liquet
2234 1491 2251 1525 ,
2287 1449 2641 1525 usurpatam

623 1579 790 1641 esse,
827 1560 1012 1646 vulgo
1051 1558 1313 1625 credunt
1338 1609 1355 1644 ,
1399 1562 1561 1625 male
1587 1609 1604 1643 ,
1662 1560 1920 1646 opinor,
1969 1558 2406 1646 nitentesjoco
2454 1555 2646 1620 Cice-

621 1673 788 1737 ronis
814 1673 918 1764 (p.
945 1673 1098 1739 Mil.
1129 1672 1222 1761 6.)
1244 1722 1262 1757 ,
1286 1697 1411 1738 non
1445 1674 1521 1738 ad
1554 1674 1802 1739 comitia
1836 1673 2177 1739 referendo.
2208 1671 2450 1737 Judicia
2476 1669 2646 1733 enim

622 1785 855 1851 fiebant
897 1787 1034 1872 lege
1059 1834 1077 1870 ,
1123 1797 1194 1849 ut
1235 1786 1502 1850 diximus
1528 1836 1544 1869 ‚
1592 1787 1892 1873 proposita
1916 1835 1934 1870 ,
1977 1788 2044 1851 in
2093 1806 2255 1873 qua,
2297 1806 2424 1848 non
2469 1783 2649 1862 facile

620 1897 827 1963 videas
850 1946 868 1983 ‚
894 1920 1008 1963 cur
1036 1899 1158 1964 alia
1196 1899 1460 1963 formula
1497 1897 1752 1963 inducta
1793 1899 1981 1964 suerit
2003 1946 2022 1982 ,
2056 1919 2245 1984 quam
2284 1898 2351 1960 in
2382 1896 2517 1961 aliis
2554 1896 2651 1959 le-

624 2011 827 2098 gibus.
869 2011 1089 2076 Contra
1132 2010 1376 2075 easdem
1418 2032 1594 2076 voces
1631 2011 1701 2074 in
1730 2009 1986 2096 judiciis
2026 2009 2293 2097 publicis
2327 2007 2651 2081 ordinariis

623 2145 945 2191 occurrere
970 2171 990 2209 ‚
1042 2135 1282 2189 certum
1334 2134 1443 2190 est.
1496 2124 1573 2187 In
1632 2124 2105 2211 magistratuum
2151 2122 2414 2188 comitiis
2466 2122 2649 2207 vulgo

623 2248 713 2302 tot
761 2237 1013 2303 tabellas
1051 2239 1290 2304 faciunt
1312 2286 1330 2321 ,
1389 2250 1541 2325 quot
1601 2238 1911 2304 candidati
1936 2288 1954 2322 ,
2012 2239 2284 2325 singulas
2336 2235 2649 2302 candidati

618 2352 873 2419 nomine
935 2350 1265 2438 incriptas3
1315 2352 1586 2436 rectius,
1636 2352 1891 2439 opinor,
1945 2351 2205 2418 Schulze
2248 2352 2354 2443 (p.
2408 2346 2650 2437 265.)‚

618 2487 813 2530 unam
866 2466 1125 2551 singulis
1184 2465 1463 2529 tribuens
1486 2514 1503 2547 ‚
1565 2467 1671 2529 cui
1729 2464 2082 2550 candidati,
2146 2488 2333 2554 quern
2377 2467 2652 2548 vellent,

620 2600 851 2642 nomen
883 2577 1323 2663 inscripserint.
1359 2577 1618 2664 Singula
1650 2578 1975 2664 suffragia,
2019 2589 2088 2642 ut
2126 2601 2256 2643 non
2300 2589 2532 2643 temere
2577 2601 2650 2643 ex

619 2691 848 2779 aliquot
880 2702 1154 2756 veterum
1194 2692 1561 2756 testimoniis
1607 2693 1844 2778 colligit
1872 2691 2131 2756 Schulze
2163 2715 2223 2777 p.
2260 2695 2410 2757 261.
2434 2740 2451 2774 ,
2498 2714 2648 2756 cum

620 2827 765 2870 voce
795 2804 953 2888 data,
982 2815 1117 2868 tum
1141 2804 1377 2869 tabellis
1404 2805 1725 2890 inscripta,
1752 2816 2057 2891 rogatores
2079 2806 2146 2869 in
2170 2805 2375 2870 tabula
2403 2804 2649 2889 punctis

619 2919 953 3002 notabant,
983 2916 1309 3004 antiquum
1339 2940 1570 2982 nomen
1597 2966 1614 3001 ,
1641 2925 1838 3005 quum
1855 2918 1987 3002 jam
2012 2939 2136 2981 non
2151 2928 2504 3007 roqarent,
2528 2939 2652 2981 ser-

620 3044 827 3102 vantes
859 3030 948 3121 5).
996 3032 1088 3096 De
1117 3030 1453 3096 candidatis
1482 3030 1650 3096 idem
1688 3042 1903 3096 auctor
1926 3030 2214 3116 conjicit,
2246 3031 2483 3095 tabellae
2537 3031 2651 3095 in—

622 3148 858 3233 scriptis
925 3166 1138 3210 corum
1189 3143 1570 3223 nominibus,
1604 3145 1847 3232 singula
1901 3145 2191 3232 suffragia
2239 3146 2481 3232 punctis
2523 3166 2652 3208 esse

622 3259 861 3343 addita3
905 3257 1073 3323 unde
1118 3257 1382 3322 maxi-,ne
1425 3256 1695 3342 pendere
1736 3258 1970 3324 diceres
2012 3270 2232 3323 notum
2272 3258 2427 3324 illud
2467 3282 2650 3324 omne

615 3384 934 3462 punctum
972 3373 1147 3461 ferre
1186 3367 1278 3458 6).

691 3534 742 3595 1)
766 3533 835 3582 De
856 3532 932 3580 his
947 3529 1148 3594 insignis
1163 3531 1303 3580 locus
1318 3531 1586 3597 Ciceronis,
1607 3534 1669 3582 de
1688 3533 1843 3599 Leqq.
1859 3535 1913 3599 ὅ,
1934 3535 2015 3601 16,
2037 3536 2124 3584 ubi
2140 3542 2354 3599 quatuor
2369 3549 2652 3584 memoran-

623 3629 723 3673 tur:
735 3622 964 3688 Gabinia,
975 3623 1035 3670 clo
1046 3622 1423 3686 moys-stratibus
1434 3624 1762 3689 υηαηάαηᾱὼ,
1776 3626 1882 3674 lata
1902 3626 1965 3673 ab
1980 3627 2180 3674 'contine
2191 3628 2359 3686 {quoto
2370 3632 2417 3672 ee
2425 3626 2650 3692 sordido,

624 3713 805 3775 Cassia,
818 3714 878 3761 de
887 3710 1078 3776 populi
1081 3710 1305 3775 judicio,
1318 3728 1351 3759 a
1367 3711 1758 3777 nobililnomt'ne,
1774 3714 1926 3761 sed—
1936 3715 2152 3762 disseneo
2169 3729 2199 3760 a
2213 3713 2374 3776 born‘s,
2391 3711 2650 3778 Carbonis,

625 3801 933 3863 dcjubendis
955 3800 1149 3864 leqibm
1169 3815 1230 3849 ac
1253 3804 1482 3850 vetandis
1501 3804 1770 3863 ,seditiosi
1784 3810 1935 3866 atque
1951 3801 2173 3865 improbi
2189 3803 2316 3849 civis
2330 3837 2345 3864 ‚
2370 3791 2521 3851 Caelia
2545 3841 2560 3867 ‚
2588 3806 2653 3852 de

614 3890 818 3954 judicio
832 3889 1202 3951 perduellionis
1211 3925 1230 3956 ,
1253 3892 1395 3957 cujus
1416 3897 1690 3955 auctorem,
1703 3890 1875 3940 Cicero
1899 3890 2052 3955 addit,
2075 3889 2489 3955 doluisse,quoad
2505 3896 2652 3959 vicit,

625 3996 677 4027 se
691 4014 708 4039 ‚
724 3985 785 4025 ut
798 3979 1101 4040 opprimeret
1118 3978 1402 4044 Popilium,
1427 3982 1661 4030 nocuisse
1679 3980 1988 4045 reipublicoe.
2006 3980 2075 4028 Dc
2093 3979 2258 4042 legum
2281 3981 2651 4032 tabellariarum

627 4068 865 4132 utilitate,
888 4065 957 4115 cf.
981 4070 1219 4129 praeterea
1239 4069 1343 4119 Cic.
1360 4085 1421 4133 p.
1446 4070 1628 4119 Plano.
1650 4069 1682 4120 6
1699 4107 1716 4136 ,
1740 4071 1803 4119 de
1832 4071 1999 4119 Amic.
2029 4068 2109 4118 12.
2134 4069 2347 4121 Tabellas
2370 4072 2463 4122 sub
2489 4073 2650 4122 Caesa-
