3111 4829
1518 297 1768 386 (468)

638 439 1013 506 conabantur
1045 434 1132 526 4).
1160 435 1255 502 Ad
1300 432 1554 501 ludendi
1600 432 2003 499 differentiam
2047 431 2227 496 verba
2271 427 2541 495 datatim
2557 427 2638 518 5)
2660 477 2684 513 ‚

640 555 862 656 raptim
887 552 954 644 6)
976 603 993 638 ,
1035 553 1330 639 expulsim
1360 549 1447 637 7).

704 691 755 754 1)
780 690 1052 738 emuna.
1080 689 1104 737 1
1124 726 1139 754 ,
1162 688 1326 738 88.—
1346 686 1653 745 mctssart.
1674 683 1937 750 4,19‚7‚
1975 682 2075 745 81,
2100 681 2215 730 Seu.
2244 680 2307 729 de
2336 679 2521 729 But-2
2541 716 2559 745 ‚
2581 679 2684 730 17.

641 778 958 842 δ)1ιιει.ιῑ.14
976 816 991 841 ,
1012 777 1095 827 45.
1117 806 1177 815 —-
1196 777 1247 843 4)
1273 777 1348 825 Cf.
1373 777 1513 824 mart.
1533 773 1593 835 4,
1616 773 1707 833 19,
1727 773 1759 822 6
1778 770 1874 821 017
1891 771 2013 836 ,66,
2038 770 2298 832 Harpasto
2317 783 2517 832 quoquo
2541 769 2689 817 aub-

642 869 802 932 hyatu
824 870 974 917 ludit.
992 895 1047 905 -
1073 867 1125 932 5)
1149 867 1311 914 Plaut.
1337 865 1487 915 Cure.
1511 864 1563 926 2,
1583 863 1634 926 3,
1655 862 1735 925 17,
1753 862 1871 910 etin
1891 860 2066 923 fragm.
2086 860 2213 907 Eun.
2234 896 2251 921 ‚
2271 860 2425 922 quasi
2440 861 2497 907 in
2512 859 2689 908 chem

642 961 754 1025 pila
777 961 957 1008 ludens
979 961 1188 1008 datatim
1205 959 1293 1005 dat
1306 972 1378 1019 se,
1399 963 1446 1003 el
1461 970 1773 1003 communem
1790 953 1938 1016 facit,
1960 957 2123 1000 οἱα-
2145 948 2196 1009 6)
2215 948 2397 996 Novius
2412 964 2492 1012 ap.
2513 948 2686 1012 Nou„

645 1051 705 1096 in
727 1050 874 1097 molis
896 1048 1083 1096 ludunt
1102 1047 1287 1109 raptim
1304 1045 1446 1109 pila,
1472 1046 1685 1092 datatim
1707 1058 1887 1092 morso.
1906 1068 1969 1081 —
1984 1039 2038 1103 7)
2066 1027 2224 1088 Varro
2244 1055 2325 1103 ap.
2345 1038 2478 1087 Non.
2497 1038 2564 1088 V.
2587 1038 2685 1087 in-

645 1145 887 1203 terpretes
908 1137 1025 1185 adl.
1052 1136 1233 1185 Plauti.

739 1258 887 1317 475.
929 1251 1075 1314 Alea
1098 1299 1115 1333 ,
1153 1260 1221 1313 ut
1253 1248 1437 1314 verbo
1465 1250 1623 1313 inest
1665 1271 1836 1312 casus
1875 1257 1933 1311 et
1974 1245 2235 1332 periculi
2265 1244 2643 1331 significatio
2665 1293 2689 1329 ‚

661 1376 964 1453 quantum
1004 1362 1216 1445 video,
1248 1364 1418 1427 lusus
1445 1362 1756 1449 quilibeta
1780 1383 1921 1426 casu
1955 1371 2060 1424 aut
2081 1382 2325 1446 prorsus
2357 1371 2464 1423 aut
2487 1359 2695 1445 potis·—

656 1479 882 1543 simum
915 1477 1187 1565 pendens
1209 1477 1233 1569 (
1254 1481 1366 1564 jeu
1398 1477 1474 1540 de
1502 1477 1761 1540 hasard
1777 1475 1838 1564 ),
1868 1473 1970 1540 sed
2007 1476 2258 1539 solenne
2289 1474 2572 1560 inprimis
2594 1472 2687 1538 de

651 1605 1011 1658 tesserarum
1039 1603 1094 1655 et
1119 1573 1378 1654 talorum
1400 1591 1539 1654 lusu
1568 1587 1650 1677 l).
1673 1592 1931 1654 Tesserae
1956 1585 2046 1674 2),
2072 1588 2291 1652 cubica
2312 1637 2328 1670 ‚
2353 1598 2683 1671 utvocant,

655 1708 850 1770 forma
872 1754 888 1787 ‚
933 1706 1140 1791 q'ualvs
1167 1702 1351 1766 hodie
1381 1725 1747 1788 usurpamus
1769 1707 1797 1785 ,¹
1827 1703 2070 1788 punctis
2093 1708 2159 1765 in
2192 1703 2351 1766 senis
2382 1701 2690 1766 lateribus

660 1831 900 1885 notatae.
936 1818 1095 1881 Talis
1143 1817 1354 1900 osseis,
1396 1818 1506 1903 qui
1554 1816 1780 1880 Graecis
1810 1813 2159 1896 &may-zoe
2190 1864 2207 1896 ,
2260 1814 2427 1879 unde
2463 1817 2691 1895 εἰσ-ηει-

661 1929 912 2008 γιιλίζιη
940 1927 1049 2017 3),
1086 1940 1155 1993 ut
1178 1930 1534 1993 etiamnunc
1574 1928 1784 2014 pueri,
1815 1928 1899 1992 sic
1945 1925 2110 2013 apud
2156 1928 2397 1992 Graecos
2438 1939 2499 1989 et
2547 1927 2693 1990 Ro-

661 2067 874 2110 manos
899 2044 1211 2108 ludebant.
1239 2042 1335 2108 Ad
1369 2065 1672 2107 esseorum
1705 2019 2171 2106 similitudinem
2217 2045 2364 2107 facti
2387 2042 2689 2127 eburnei,

661 2158 972 2244 argentei,
996 2154 1169 2220 aurei
1203 2152 1291 2242 4).
1324 2155 1453 2219 Tali
1482 2165 1743 2241 quatuor
1771 2156 1957 2219 latera
1988 2155 2168 2241 plana
2188 2204 2205 2238 ,
2231 2155 2356 2220 duo
2384 2178 2648 2220 convexa
2669 2205 2692 2241 ‚

666 2269 955 2337 Schneid.
1005 2269 1266 2335 Lexicon
1329 2291 1425 2332 sex
1473 2268 1762 2332 lateribus
1810 2269 2138 2332 incurvum
2180 2267 2361 2333 facit:
2415 2268 2690 2355 figuram

661 2385 948 2452 exhibent
988 2374 1155 2449 Pie't.
1201 2382 1562 2447 Herculum.
1613 2385 1669 2448 1.
1713 2382 1833 2447 tab.
1869 2386 1926 2447 1.
1959 2383 2033 2446 In
2074 2382 2269 2468 planis
2307 2381 2693 2470 quatuorde—

661 2501 784 2564 cim
809 2510 1054 2584 puncta,
1072 2497 1298 2561 seilicet
1319 2518 1514 2560 unum
1531 2495 1654 2559 sive
1682 2496 1862 2581 unio,
1893 2507 1953 2560 et
1981 2496 2047 2558 in
2078 2500 2351 2582 opposito
2382 2500 2567 2564 latere
2582 2520 2690 2561 sex

665 2618 790 2679 sive
831 2616 1031 2696 seni03
1065 2615 1131 2677 in
1164 2612 1410 2697 reliquis
1450 2612 1647 2676 ternio
1693 2623 1753 2676 et
1797 2615 2137 2698 quaternio,
2166 2615 2240 2678 In
2268 2615 2508 2680 duobus
2539 2616 2698 2678 late-

675 2749 817 2791 rum
848 2726 1149 2789 rarissime
1181 2723 1574 2810 stabat‚quod
1601 2725 1753 2789 talus
1770 2736 1967 2790 rectus
1988 2726 2690 2814 dicebatur.Talisvulgo

669 2851 929 2927 quatuor
952 2887 970 2922 ,
1010 2838 1240 2902 tesseris
1266 2838 1460 2902 tribus
1484 2836 1811 2922 ludebant;
1862 2849 2149 2927 utrosque
2186 2842 2526 2927 jaciebant3
2557 2865 2689 2929 quo

670 2952 1039 3018 trahendum
1078 2951 1290 3015 ludere
1334 2951 1500 3033 talis,
1536 2951 1800 3033 tesseris,
1851 2951 2093 3038 jacere,
2135 2956 2380 3019 mittere
2404 3006 2421 3039 ‚
2445 2956 2688 3040 jactus3

674 3068 921 3130 fritillus
953 3066 1075 3128 sive
1107 3064 1441 3146 turricula3
1484 3063 1686 3147 forus,
1718 3066 1953 3148 alveus,
1995 3066 2200 3132 tabula
2232 3069 2453 3141 lusoria
2478 3119 2494 3152 ‚
2518 3069 2693 3133 alea-

672 3181 825 3245 toria
855 3176 942 3268 5).
989 3181 1193 3242 Jactus
1235 3178 1298 3241 in
1342 3178 1575 3241 tesseris
1604 3179 2000 3244 faustissimus
2029 3182 2307 3246 seniones
2330 3233 2347 3265 ,
2390 3184 2691 3269 pessimus

676 3296 935 3358 uniones
970 3288 1067 3379 6),
1105 3292 1173 3354 in
1213 3290 1345 3354 talis
1381 3292 1648 3376 optimus
1693 3292 1760 3355 in
1804 3292 2058 3378 singulis
2101 3294 2408 3359 diversum
2458 3319 2692 3361 nume-

675 3432 816 3475 rum
843 3404 941 3494 7),
984 3405 1245 3492 ideoque
1281 3411 1306 3468 1
1341 3452 1359 3490 ,
1392 3409 1465 3489 3,
1499 3408 1535 3468 4
1559 3454 1576 3488 ‚
1610 3407 1682 3489 6,
1717 3407 2007 3492 pessimus
2038 3409 2104 3472 in
2137 3410 2393 3497 singulis
2413 3410 2687 3475 eundem

679 3516 1000 3602 exbibens3
1024 3519 1091 3582 in
1123 3518 1390 3604 utrisque
1421 3519 1689 3604 optimus
1723 3521 1935 3588 Venus
1959 3532 2018 3585 et
2046 3521 2358 3606 basilicus,
2392 3524 2695 3609 pessimus

677 3657 857 3699 canes
887 3630 1200 3697 dicebatur
1233 3630 1321 3718 8).
1373 3631 1651 3712 Quatuor
1692 3634 1825 3697 talis
1864 3635 2065 3718 jactus
2107 3636 2278 3701 video
2317 3637 2504 3701 tribui
2552 3642 2639 3703 28
2672 3688 2694 3724 ,

677 3748 909 3810 tesseris
948 3746 1139 3810 tribus
1185 3745 1302 3828 623
1349 3745 1475 3831 ipse
1501 3794 1518 3828 ‚
1561 3746 1713 3833 quin
1752 3769 1891 3813 meo
1922 3750 2071 3836 quid
2115 3751 2347 3815 calculo
2379 3753 2693 3838 tribuam,

679 3859 745 3924 in
791 3860 907 3922 illis
939 3864 1058 3942 35,
1092 3860 1158 3923 in
1184 3859 1280 3923 his
1311 3859 1394 3923 56
1433 3862 1689 3945 reperim
1728 3861 1984 3927 Tesseris
2028 3866 2209 3927 etiam
2252 3865 2583 3929 utebantur
2623 3868 2696 3932 in

680 3972 821 4038 lusu
860 3969 1185 4039 duodecim
1232 3973 1591 4059 scriptorum
1615 4021 1634 4060 ‚
1677 3996 1748 4040 ex
1788 3973 1957 4059 jactu
2003 3977 2235 4066 lapillos
2271 3978 2394 4044 sive
2419 3978 2698 4047 calculos
