<?xml version="1.0" encoding="UTF-8"?>
<!DOCTYPE html PUBLIC "-//W3C//DTD XHTML 1.0 Transitional//EN"
    "http://www.w3.org/TR/xhtml1/DTD/xhtml1-transitional.dtd">
<html xmlns="http://www.w3.org/1999/xhtml" xml:lang="en" lang="en">
 <head>
  <title>
</title>
<meta http-equiv="Content-Type" content="text/html;charset=utf-8" />
  <meta name='ocr-system' content='tesseract 3.04.00' />
  <meta name='ocr-capabilities' content='ocr_page ocr_carea ocr_par ocr_line ocrx_word'/>
</head>
<body>
  <div class='ocr_page' id='page_1' title='image "./antiquitatesrom00dirkgoog_0214.png"; bbox 0 0 3111 4829; ppageno 0'>
   <div class='ocr_carea' id='block_1_1' title="bbox 1305 423 1563 506">
    <p class='ocr_par' dir='ltr' id='par_1_1' title="bbox 1305 423 1563 506">
     <span class='ocr_line' id='line_1_1' title="bbox 1305 423 1563 506; baseline 0 -20"><span class='ocrx_word' id='word_1_1' title='bbox 1305 425 1330 506; x_wconf 86' lang='lat'><strong>(</strong></span> <span class='ocrx_word' id='word_1_2' title='bbox 1372 423 1492 486; x_wconf 13' lang='lat'><strong>*179</strong></span> <span class='ocrx_word' id='word_1_3' title='bbox 1538 426 1563 504; x_wconf 83' lang='grc'><strong>)</strong></span> 
     </span>
    </p>
   </div>
   <div class='ocr_carea' id='block_1_2' title="bbox 418 555 2440 756">
    <p class='ocr_par' dir='ltr' id='par_1_2' title="bbox 418 555 2440 756">
     <span class='ocr_line' id='line_1_2' title="bbox 421 555 2440 645; baseline 0 -21"><span class='ocrx_word' id='word_1_4' title='bbox 421 560 668 624; x_wconf 76' lang='lat' dir='ltr'><strong>Caesaris</strong></span> <span class='ocrx_word' id='word_1_5' title='bbox 693 568 869 624; x_wconf 79' lang='lat' dir='ltr'><strong>aetate</strong></span> <span class='ocrx_word' id='word_1_6' title='bbox 894 557 1145 622; x_wconf 76' lang='lat' dir='ltr'><strong>Servius</strong></span> <span class='ocrx_word' id='word_1_7' title='bbox 1182 556 1493 640; x_wconf 77' lang='lat' dir='ltr'><strong>Sulpicius</strong></span> <span class='ocrx_word' id='word_1_8' title='bbox 1533 567 1600 619; x_wconf 80' lang='lat' dir='ltr'><strong>et</strong></span> <span class='ocrx_word' id='word_1_9' title='bbox 1639 555 1859 620; x_wconf 78' lang='lat' dir='ltr'><strong>Ofilius</strong></span> <span class='ocrx_word' id='word_1_10' title='bbox 1884 603 1902 639; x_wconf 83' lang='lat'>,</span> <span class='ocrx_word' id='word_1_11' title='bbox 1956 569 2216 645; x_wconf 88' lang='lat' dir='ltr'><strong>uterque</strong></span> <span class='ocrx_word' id='word_1_12' title='bbox 2257 562 2440 626; x_wconf 42' lang='lat' dir='ltr'><strong>Pom*</strong></span> 
     </span>
     <span class='ocr_line' id='line_1_3' title="bbox 418 667 2430 756; baseline -0 -21"><span class='ocrx_word' id='word_1_13' title='bbox 418 670 602 756; x_wconf 82' lang='lat' dir='ltr'><strong>ponio</strong></span> <span class='ocrx_word' id='word_1_14' title='bbox 623 671 943 735; x_wconf 82' lang='lat' dir='ltr'><strong>memorati</strong></span> <span class='ocrx_word' id='word_1_15' title='bbox 976 667 1067 755; x_wconf 87' lang='lat'><strong>9).</strong></span> <span class='ocrx_word' id='word_1_16' title='bbox 2425 671 2430 676; x_wconf 79' lang='grc'>’</span> 
     </span>
    </p>
   </div>
   <div class='ocr_carea' id='block_1_3' title="bbox 414 849 2450 1461">
    <p class='ocr_par' dir='ltr' id='par_1_3' title="bbox 414 849 2450 1461">
     <span class='ocr_line' id='line_1_4' title="bbox 422 849 2445 924; baseline 0.002 -21"><span class='ocrx_word' id='word_1_17' title='bbox 422 873 427 884; x_wconf 70' lang='lat'><em>=</em></span> <span class='ocrx_word' id='word_1_18' title='bbox 486 854 538 915; x_wconf 88' lang='grc'><strong>1)</strong></span> <span class='ocrx_word' id='word_1_19' title='bbox 575 853 651 901; x_wconf 78' lang='lat' dir='ltr'><strong>Cf.</strong></span> <span class='ocrx_word' id='word_1_20' title='bbox 687 853 830 916; x_wconf 75' lang='lat' dir='ltr'><strong>Ilugo</strong></span> <span class='ocrx_word' id='word_1_21' title='bbox 851 849 897 921; x_wconf 89' lang='grc'><strong>5.</strong></span> <span class='ocrx_word' id='word_1_22' title='bbox 924 851 1038 901; x_wconf 91' lang='grc'><strong>178.</strong></span> <span class='ocrx_word' id='word_1_23' title='bbox 1060 879 1119 889; x_wconf 89' lang='grc'><strong>-</strong></span> <span class='ocrx_word' id='word_1_24' title='bbox 1140 852 1193 917; x_wconf 90' lang='grc'><strong>2)</strong></span> <span class='ocrx_word' id='word_1_25' title='bbox 1219 853 1277 901; x_wconf 89' lang='lat' dir='ltr'><strong>L.</strong></span> <span class='ocrx_word' id='word_1_26' title='bbox 1314 852 1365 903; x_wconf 89' lang='grc'><strong>7.</strong></span> <span class='ocrx_word' id='word_1_27' title='bbox 1404 850 1450 920; x_wconf 87' lang='grc'><strong>5.</strong></span> <span class='ocrx_word' id='word_1_28' title='bbox 1489 851 1537 901; x_wconf 86' lang='grc'><strong>1.</strong></span> <span class='ocrx_word' id='word_1_29' title='bbox 1575 853 1641 901; x_wconf 73' lang='lat' dir='ltr'><strong>do</strong></span> <span class='ocrx_word' id='word_1_30' title='bbox 1678 852 1816 902; x_wconf 70' lang='lat' dir='ltr'><strong>Just.</strong></span> <span class='ocrx_word' id='word_1_31' title='bbox 1841 853 2028 903; x_wconf 60' lang='lat' dir='ltr'><strong>vilar.</strong></span> <span class='ocrx_word' id='word_1_32' title='bbox 2056 882 2115 892; x_wconf 93' lang='lat'>—</span> <span class='ocrx_word' id='word_1_33' title='bbox 2136 856 2189 921; x_wconf 86' lang='grc'><strong>3)</strong></span> <span class='ocrx_word' id='word_1_34' title='bbox 2214 856 2274 905; x_wconf 78' lang='lat' dir='ltr'><strong>V.</strong></span> <span class='ocrx_word' id='word_1_35' title='bbox 2297 858 2445 924; x_wconf 64' lang='lat' dir='ltr'><strong>netu,</strong></span> 
     </span>
     <span class='ocr_line' id='line_1_5' title="bbox 417 938 2443 1009; baseline 0.002 -17"><span class='ocrx_word' id='word_1_36' title='bbox 417 943 699 1006; x_wconf 71' lang='lat' dir='ltr'><strong>Syntaqma</strong></span> <span class='ocrx_word' id='word_1_37' title='bbox 719 943 757 989; x_wconf 87' lang='lat' dir='ltr'><strong>l.</strong></span> <span class='ocrx_word' id='word_1_38' title='bbox 784 941 833 990; x_wconf 84' lang='lat'><strong>1.</strong></span> <span class='ocrx_word' id='word_1_39' title='bbox 862 945 903 989; x_wconf 84' lang='lat' dir='ltr'><strong>t.</strong></span> <span class='ocrx_word' id='word_1_40' title='bbox 933 940 984 989; x_wconf 86' lang='grc'><strong>2.</strong></span> <span class='ocrx_word' id='word_1_41' title='bbox 1016 938 1060 1009; x_wconf 94' lang='grc'><strong>5.</strong></span> <span class='ocrx_word' id='word_1_42' title='bbox 1083 941 1147 990; x_wconf 73' lang='lat'><strong>2⁴</strong></span> <span class='ocrx_word' id='word_1_43' title='bbox 1163 978 1179 1004; x_wconf 90' lang='lat'>,</span> <span class='ocrx_word' id='word_1_44' title='bbox 1211 941 1369 1007; x_wconf 76' lang='lat' dir='ltr'><strong>ejusd.</strong></span> <span class='ocrx_word' id='word_1_45' title='bbox 1391 942 1533 990; x_wconf 62' lang='lat' dir='ltr'><strong>Hier.</strong></span> <span class='ocrx_word' id='word_1_46' title='bbox 1558 941 1679 991; x_wconf 76' lang='lat' dir='ltr'><strong>Jur.</strong></span> <span class='ocrx_word' id='word_1_47' title='bbox 1708 957 1825 991; x_wconf 84' lang='lat' dir='ltr'><strong>eum</strong></span> <span class='ocrx_word' id='word_1_48' title='bbox 1845 942 1975 991; x_wconf 73' lang='lat' dir='ltr'><strong>notis</strong></span> <span class='ocrx_word' id='word_1_49' title='bbox 1991 942 2167 992; x_wconf 75' lang='lat' dir='ltr'><strong>Ritteri</strong></span> <span class='ocrx_word' id='word_1_50' title='bbox 2186 945 2224 994; x_wconf 85' lang='lat' dir='ltr'><strong>l.</strong></span> <span class='ocrx_word' id='word_1_51' title='bbox 2244 944 2294 994; x_wconf 87' lang='lat'><strong>1.</strong></span> <span class='ocrx_word' id='word_1_52' title='bbox 2316 963 2365 996; x_wconf 88' lang='lat' dir='ltr'><strong>o.</strong></span> <span class='ocrx_word' id='word_1_53' title='bbox 2389 948 2443 997; x_wconf 89' lang='grc'><strong>3.</strong></span> 
     </span>
     <span class='ocr_line' id='line_1_6' title="bbox 414 1027 2447 1099; baseline 0.002 -20"><span class='ocrx_word' id='word_1_54' title='bbox 414 1029 462 1098; x_wconf 92' lang='grc'><strong>5.</strong></span> <span class='ocrx_word' id='word_1_55' title='bbox 481 1029 656 1080; x_wconf 77' lang='lat'><strong>67-70.</strong></span> <span class='ocrx_word' id='word_1_56' title='bbox 679 1031 755 1080; x_wconf 86' lang='lat' dir='ltr'><strong>Cs.</strong></span> <span class='ocrx_word' id='word_1_57' title='bbox 776 1035 829 1080; x_wconf 74' lang='lat' dir='ltr'><strong>et</strong></span> <span class='ocrx_word' id='word_1_58' title='bbox 846 1031 991 1094; x_wconf 78' lang='lat' dir='ltr'><strong>Engo</strong></span> <span class='ocrx_word' id='word_1_59' title='bbox 1013 1027 1182 1099; x_wconf 79' lang='lat'><strong>§.178</strong></span> <span class='ocrx_word' id='word_1_60' title='bbox 1204 1035 1257 1080; x_wconf 81' lang='lat' dir='ltr'><strong>et</strong></span> <span class='ocrx_word' id='word_1_61' title='bbox 1279 1031 1373 1081; x_wconf 87' lang='grc'><strong>179</strong></span> <span class='ocrx_word' id='word_1_62' title='bbox 1392 1068 1408 1096; x_wconf 84' lang='grc'>,</span> <span class='ocrx_word' id='word_1_63' title='bbox 1430 1035 1483 1080; x_wconf 81' lang='lat' dir='ltr'><strong>et</strong></span> <span class='ocrx_word' id='word_1_64' title='bbox 1502 1031 1655 1080; x_wconf 71' lang='lat' dir='ltr'><strong>Bech.</strong></span> <span class='ocrx_word' id='word_1_65' title='bbox 1685 1032 1828 1081; x_wconf 70' lang='lat' dir='ltr'><strong>Hist-</strong></span> <span class='ocrx_word' id='word_1_66' title='bbox 1859 1032 2091 1096; x_wconf 65' lang='lat' dir='ltr'><strong>Jun’epr.</strong></span> <span class='ocrx_word' id='word_1_67' title='bbox 2109 1032 2259 1083; x_wconf 81' lang='lat' dir='ltr'><strong>Rom.</strong></span> <span class='ocrx_word' id='word_1_68' title='bbox 2283 1035 2375 1084; x_wconf 88' lang='lat' dir='ltr'><strong>lib.</strong></span> <span class='ocrx_word' id='word_1_69' title='bbox 2393 1037 2447 1084; x_wconf 93' lang='grc'><strong>2.</strong></span> 
     </span>
     <span class='ocr_line' id='line_1_7' title="bbox 414 1117 2447 1192; baseline 0.004 -25"><span class='ocrx_word' id='word_1_70' title='bbox 414 1135 468 1168; x_wconf 85' lang='lat' dir='ltr'><strong>o.</strong></span> <span class='ocrx_word' id='word_1_71' title='bbox 489 1121 541 1169; x_wconf 79' lang='lat'><strong>2.</strong></span> <span class='ocrx_word' id='word_1_72' title='bbox 561 1117 607 1187; x_wconf 88' lang='lat'><strong>§.</strong></span> <span class='ocrx_word' id='word_1_73' title='bbox 633 1120 716 1170; x_wconf 85' lang='lat'><strong>11.</strong></span> <span class='ocrx_word' id='word_1_74' title='bbox 736 1135 849 1184; x_wconf 71' lang='lat' dir='ltr'><strong>sqq.</strong></span> <span class='ocrx_word' id='word_1_75' title='bbox 876 1145 937 1160; x_wconf 88' lang='lat'><strong>--</strong></span> <span class='ocrx_word' id='word_1_76' title='bbox 960 1120 1014 1185; x_wconf 71' lang='lat'><strong>4)</strong></span> <span class='ocrx_word' id='word_1_77' title='bbox 1040 1122 1117 1170; x_wconf 75' lang='lat' dir='ltr'><strong>Cf.</strong></span> <span class='ocrx_word' id='word_1_78' title='bbox 1141 1121 1247 1170; x_wconf 83' lang='lat' dir='ltr'><strong>Cic.</strong></span> <span class='ocrx_word' id='word_1_79' title='bbox 1278 1121 1427 1171; x_wconf 72' lang='lat' dir='ltr'><strong>Vm.</strong></span> <span class='ocrx_word' id='word_1_80' title='bbox 1453 1121 1512 1185; x_wconf 89' lang='grc'><strong>1,</strong></span> <span class='ocrx_word' id='word_1_81' title='bbox 1536 1120 1597 1172; x_wconf 71' lang='grc'><strong>41</strong></span> <span class='ocrx_word' id='word_1_82' title='bbox 1625 1127 1677 1171; x_wconf 76' lang='lat' dir='ltr'><strong>et</strong></span> <span class='ocrx_word' id='word_1_83' title='bbox 1697 1121 1882 1186; x_wconf 60' lang='lat'><strong>⁴546,</strong></span> <span class='ocrx_word' id='word_1_84' title='bbox 1906 1121 1970 1186; x_wconf 83' lang='grc'><strong>3,</strong></span> <span class='ocrx_word' id='word_1_85' title='bbox 1993 1120 2063 1187; x_wconf 86' lang='grc'><strong>7,</strong></span> <span class='ocrx_word' id='word_1_86' title='bbox 2085 1122 2180 1172; x_wconf 80' lang='lat' dir='ltr'><strong>Dio</strong></span> <span class='ocrx_word' id='word_1_87' title='bbox 2198 1122 2329 1173; x_wconf 71' lang='lat' dir='ltr'><strong>Caso.</strong></span> <span class='ocrx_word' id='word_1_88' title='bbox 2349 1125 2447 1192; x_wconf 84' lang='grc'><strong>36,</strong></span> 
     </span>
     <span class='ocr_line' id='line_1_8' title="bbox 418 1210 2447 1282; baseline 0.003 -24"><span class='ocrx_word' id='word_1_89' title='bbox 418 1210 503 1258; x_wconf 88' lang='grc'><strong>23.</strong></span> <span class='ocrx_word' id='word_1_90' title='bbox 525 1212 656 1276; x_wconf 76' lang='grc'><strong>-5)</strong></span> <span class='ocrx_word' id='word_1_91' title='bbox 680 1212 743 1260; x_wconf 84' lang='lat' dir='ltr'><strong>V.</strong></span> <span class='ocrx_word' id='word_1_92' title='bbox 766 1213 914 1261; x_wconf 76' lang='lat' dir='ltr'><strong>Hein-</strong></span> <span class='ocrx_word' id='word_1_93' title='bbox 939 1213 1080 1262; x_wconf 65' lang='lat' dir='ltr'><strong>Hice.</strong></span> <span class='ocrx_word' id='word_1_94' title='bbox 1112 1213 1234 1263; x_wconf 81' lang='lat' dir='ltr'><strong>Jur.</strong></span> <span class='ocrx_word' id='word_1_95' title='bbox 1271 1214 1309 1262; x_wconf 86' lang='lat' dir='ltr'><strong>l.</strong></span> <span class='ocrx_word' id='word_1_96' title='bbox 1344 1214 1393 1262; x_wconf 95' lang='lat'><strong>1.</strong></span> <span class='ocrx_word' id='word_1_97' title='bbox 1418 1230 1467 1262; x_wconf 91' lang='lat' dir='ltr'><strong>c.</strong></span> <span class='ocrx_word' id='word_1_98' title='bbox 1503 1213 1554 1261; x_wconf 85' lang='grc'><strong>3.</strong></span> <span class='ocrx_word' id='word_1_99' title='bbox 1588 1210 1634 1280; x_wconf 94' lang='grc'><strong>5.</strong></span> <span class='ocrx_word' id='word_1_100' title='bbox 1671 1213 1755 1262; x_wconf 88' lang='grc'><strong>72.</strong></span> <span class='ocrx_word' id='word_1_101' title='bbox 1781 1242 1842 1251; x_wconf 92' lang='grc'>-</span> <span class='ocrx_word' id='word_1_102' title='bbox 1861 1213 1915 1278; x_wconf 74' lang='lat'><strong>6)</strong></span> <span class='ocrx_word' id='word_1_103' title='bbox 1939 1213 1997 1262; x_wconf 89' lang='lat' dir='ltr'><strong>L.</strong></span> <span class='ocrx_word' id='word_1_104' title='bbox 2019 1213 2072 1262; x_wconf 91' lang='grc'><strong>3.</strong></span> <span class='ocrx_word' id='word_1_105' title='bbox 2097 1231 2146 1262; x_wconf 88' lang='lat' dir='ltr'><strong>c.</strong></span> <span class='ocrx_word' id='word_1_106' title='bbox 2170 1214 2221 1263; x_wconf 88' lang='grc'><strong>2.</strong></span> <span class='ocrx_word' id='word_1_107' title='bbox 2246 1211 2290 1282; x_wconf 91' lang='grc'><strong>5.</strong></span> <span class='ocrx_word' id='word_1_108' title='bbox 2314 1215 2365 1265; x_wconf 79' lang='grc' dir='ltr'><strong>θ.</strong></span> <span class='ocrx_word' id='word_1_109' title='bbox 2385 1244 2447 1253; x_wconf 87' lang='lat'>-</span> 
     </span>
     <span class='ocr_line' id='line_1_9' title="bbox 416 1300 2448 1371; baseline 0.002 -22"><span class='ocrx_word' id='word_1_110' title='bbox 416 1300 471 1365; x_wconf 87' lang='grc'><strong>7)</strong></span> <span class='ocrx_word' id='word_1_111' title='bbox 492 1302 556 1351; x_wconf 88' lang='lat' dir='ltr'><strong>V.</strong></span> <span class='ocrx_word' id='word_1_112' title='bbox 588 1304 771 1352; x_wconf 67' lang='lat' dir='ltr'><strong>Ancon.</strong></span> <span class='ocrx_word' id='word_1_113' title='bbox 794 1304 917 1353; x_wconf 86' lang='lat' dir='ltr'><strong>Ped.</strong></span> <span class='ocrx_word' id='word_1_114' title='bbox 941 1305 1002 1353; x_wconf 78' lang='lat' dir='ltr'><strong>ed</strong></span> <span class='ocrx_word' id='word_1_115' title='bbox 1023 1305 1126 1354; x_wconf 84' lang='lat' dir='ltr'><strong>Cic.</strong></span> <span class='ocrx_word' id='word_1_116' title='bbox 1146 1323 1205 1370; x_wconf 82' lang='lat' dir='ltr'><strong>p.</strong></span> <span class='ocrx_word' id='word_1_117' title='bbox 1229 1307 1285 1356; x_wconf 86' lang='lat' dir='ltr'><strong>C.</strong></span> <span class='ocrx_word' id='word_1_118' title='bbox 1309 1307 1462 1356; x_wconf 77' lang='lat' dir='ltr'><strong>Corn.</strong></span> <span class='ocrx_word' id='word_1_119' title='bbox 1478 1342 1495 1370; x_wconf 84' lang='lat'>‚</span> <span class='ocrx_word' id='word_1_120' title='bbox 1516 1307 1609 1355; x_wconf 84' lang='lat' dir='ltr'><strong>Dio</strong></span> <span class='ocrx_word' id='word_1_121' title='bbox 1630 1305 1762 1354; x_wconf 71' lang='lat' dir='ltr'><strong>Cass.</strong></span> <span class='ocrx_word' id='word_1_122' title='bbox 1785 1306 1878 1369; x_wconf 78' lang='lat'><strong>56,</strong></span> <span class='ocrx_word' id='word_1_123' title='bbox 1899 1306 1981 1355; x_wconf 87' lang='grc'><strong>23.</strong></span> <span class='ocrx_word' id='word_1_124' title='bbox 2003 1334 2062 1343; x_wconf 91' lang='grc'><strong>-</strong></span> <span class='ocrx_word' id='word_1_125' title='bbox 2082 1306 2134 1371; x_wconf 87' lang='grc'><strong>8)</strong></span> <span class='ocrx_word' id='word_1_126' title='bbox 2172 1306 2229 1354; x_wconf 89' lang='lat' dir='ltr'><strong>L.</strong></span> <span class='ocrx_word' id='word_1_127' title='bbox 2254 1306 2305 1354; x_wconf 91' lang='grc'><strong>3.</strong></span> <span class='ocrx_word' id='word_1_128' title='bbox 2328 1321 2376 1353; x_wconf 86' lang='lat' dir='ltr'><strong>c.</strong></span> <span class='ocrx_word' id='word_1_129' title='bbox 2397 1304 2448 1352; x_wconf 76' lang='lat'><strong>2.</strong></span> 
     </span>
     <span class='ocr_line' id='line_1_10' title="bbox 416 1387 2450 1461; baseline 0.002 -22"><span class='ocrx_word' id='word_1_130' title='bbox 416 1387 461 1460; x_wconf 88' lang='grc'><strong>5.</strong></span> <span class='ocrx_word' id='word_1_131' title='bbox 486 1391 537 1440; x_wconf 87' lang='grc'><strong>7.</strong></span> <span class='ocrx_word' id='word_1_132' title='bbox 556 1419 618 1429; x_wconf 89' lang='lat'><strong>—-</strong></span> <span class='ocrx_word' id='word_1_133' title='bbox 638 1393 690 1457; x_wconf 79' lang='lat'><strong>⁰)</strong></span> <span class='ocrx_word' id='word_1_134' title='bbox 715 1393 870 1443; x_wconf 53' lang='lat' dir='ltr'><strong>Fufi.</strong></span> <span class='ocrx_word' id='word_1_135' title='bbox 889 1391 934 1461; x_wconf 86' lang='lat'><strong>§.</strong></span> <span class='ocrx_word' id='word_1_136' title='bbox 951 1393 1034 1443; x_wconf 73' lang='lat'><strong>44.</strong></span> <span class='ocrx_word' id='word_1_137' title='bbox 1053 1396 1129 1444; x_wconf 90' lang='lat' dir='ltr'><strong>D.</strong></span> <span class='ocrx_word' id='word_1_138' title='bbox 1148 1395 1198 1444; x_wconf 84' lang='lat'><strong>1.</strong></span> <span class='ocrx_word' id='word_1_139' title='bbox 1216 1397 1268 1445; x_wconf 86' lang='grc'><strong>2.</strong></span> <span class='ocrx_word' id='word_1_140' title='bbox 1293 1398 1427 1446; x_wconf 73' lang='lat' dir='ltr'><strong>Ante</strong></span> <span class='ocrx_word' id='word_1_141' title='bbox 1459 1411 1579 1445; x_wconf 68' lang='lat' dir='ltr'><strong>eum</strong></span> <span class='ocrx_word' id='word_1_142' title='bbox 1620 1395 1880 1459; x_wconf 74' lang='lat' dir='ltr'><strong>(Ofilium)</strong></span> <span class='ocrx_word' id='word_1_143' title='bbox 1913 1395 2126 1445; x_wconf 68' lang='lat' dir='ltr'><strong>Ser-viae</strong></span> <span class='ocrx_word' id='word_1_144' title='bbox 2143 1398 2275 1446; x_wconf 69' lang='lat' dir='ltr'><strong>duos</strong></span> <span class='ocrx_word' id='word_1_145' title='bbox 2297 1395 2450 1444; x_wconf 60' lang='lat' dir='ltr'><strong>libro:</strong></span> 
     </span>
    </p>
   </div>
   <div class='ocr_carea' id='block_1_4' title="bbox 414 1481 2444 1639">
    <p class='ocr_par' dir='ltr' id='par_1_4' title="bbox 414 1481 2444 1639">
     <span class='ocr_line' id='line_1_11' title="bbox 414 1481 2444 1550; baseline 0.002 -21"><span class='ocrx_word' id='word_1_146' title='bbox 414 1482 486 1529; x_wconf 80' lang='lat' dir='ltr'><strong>ad</strong></span> <span class='ocrx_word' id='word_1_147' title='bbox 504 1481 728 1532; x_wconf 75' lang='lat' dir='ltr'><strong>Brutum</strong></span> <span class='ocrx_word' id='word_1_148' title='bbox 744 1500 993 1547; x_wconf 76' lang='lat' dir='ltr'><strong><em>perquam</em></strong></span> <span class='ocrx_word' id='word_1_149' title='bbox 1017 1485 1328 1535; x_wconf 70' lang='lat' dir='ltr'><strong>brovt&#39;uirnos</strong></span> <span class='ocrx_word' id='word_1_150' title='bbox 1351 1487 1421 1536; x_wconf 79' lang='lat' dir='ltr'><strong>ad</strong></span> <span class='ocrx_word' id='word_1_151' title='bbox 1439 1487 1662 1534; x_wconf 70' lang='lat' dir='ltr'><strong>edictum</strong></span> <span class='ocrx_word' id='word_1_152' title='bbox 1681 1485 1992 1550; x_wconf 58' lang='lat' dir='ltr'><strong>tub-scriptos</strong></span> <span class='ocrx_word' id='word_1_153' title='bbox 2012 1487 2239 1550; x_wconf 53' lang='lat' dir='ltr'><strong>reliquit.</strong></span> <span class='ocrx_word' id='word_1_154' title='bbox 2262 1485 2340 1534; x_wconf 74' lang='lat' dir='ltr'><strong>Cf.</strong></span> <span class='ocrx_word' id='word_1_155' title='bbox 2377 1486 2444 1534; x_wconf 79' lang='lat' dir='ltr'><strong>fr.</strong></span> 
     </span>
     <span class='ocr_line' id='line_1_12' title="bbox 418 1567 881 1639; baseline 0.002 -20"><span class='ocrx_word' id='word_1_156' title='bbox 418 1570 469 1619; x_wconf 81' lang='lat'><strong>5.</strong></span> <span class='ocrx_word' id='word_1_157' title='bbox 493 1567 539 1639; x_wconf 89' lang='lat'><strong>§.</strong></span> <span class='ocrx_word' id='word_1_158' title='bbox 563 1572 613 1621; x_wconf 91' lang='grc'><strong>1.</strong></span> <span class='ocrx_word' id='word_1_159' title='bbox 636 1572 804 1622; x_wconf 75' lang='lat'><strong>1).14.</strong></span> <span class='ocrx_word' id='word_1_160' title='bbox 831 1573 881 1621; x_wconf 87' lang='grc'><strong>3.</strong></span> 
     </span>
    </p>
   </div>
   <div class='ocr_carea' id='block_1_5' title="bbox 409 1734 2453 3185">
    <p class='ocr_par' dir='ltr' id='par_1_5' title="bbox 409 1734 2453 3185">
     <span class='ocr_line' id='line_1_13' title="bbox 515 1734 2450 1836; baseline 0.002 -39"><span class='ocrx_word' id='word_1_161' title='bbox 515 1734 661 1798; x_wconf 85' lang='grc'><strong>194.</strong></span> <span class='ocrx_word' id='word_1_162' title='bbox 709 1734 922 1821; x_wconf 86' lang='lat' dir='ltr'><strong>Neque</strong></span> <span class='ocrx_word' id='word_1_163' title='bbox 947 1745 1155 1799; x_wconf 77' lang='lat' dir='ltr'><strong>tamen</strong></span> <span class='ocrx_word' id='word_1_164' title='bbox 1178 1783 1195 1817; x_wconf 91' lang='lat'>,</span> <span class='ocrx_word' id='word_1_165' title='bbox 1226 1737 1504 1822; x_wconf 77' lang='lat' dir='ltr'><strong>quamvis</strong></span> <span class='ocrx_word' id='word_1_166' title='bbox 1526 1738 1659 1836; x_wconf 76' lang='lat' dir='ltr'><strong>jam</strong></span> <span class='ocrx_word' id='word_1_167' title='bbox 1690 1739 1983 1823; x_wconf 76' lang='lat' dir='ltr'><strong>pleraque</strong></span> <span class='ocrx_word' id='word_1_168' title='bbox 2003 1785 2022 1821; x_wconf 88' lang='lat'>,</span> <span class='ocrx_word' id='word_1_169' title='bbox 2046 1747 2118 1801; x_wconf 88' lang='lat' dir='ltr'><strong>ut</strong></span> <span class='ocrx_word' id='word_1_170' title='bbox 2139 1735 2450 1821; x_wconf 75' lang='lat' dir='ltr'><strong>conjicere</strong></span> 
     </span>
     <span class='ocr_line' id='line_1_14' title="bbox 412 1847 2450 1937; baseline 0.001 -25"><span class='ocrx_word' id='word_1_171' title='bbox 412 1848 597 1931; x_wconf 84' lang='lat' dir='ltr'><strong>lieet,</strong></span> <span class='ocrx_word' id='word_1_172' title='bbox 641 1848 839 1912; x_wconf 88' lang='lat' dir='ltr'><strong>multo</strong></span> <span class='ocrx_word' id='word_1_173' title='bbox 881 1847 1113 1914; x_wconf 78' lang='lat' dir='ltr'><strong>abhinc</strong></span> <span class='ocrx_word' id='word_1_174' title='bbox 1153 1860 1429 1935; x_wconf 87' lang='lat' dir='ltr'><strong>tempore</strong></span> <span class='ocrx_word' id='word_1_175' title='bbox 1471 1851 1801 1936; x_wconf 76' lang='lat' dir='ltr'><strong>tralatitia,</strong></span> <span class='ocrx_word' id='word_1_176' title='bbox 1843 1872 1961 1916; x_wconf 90' lang='lat' dir='ltr'><strong>nec</strong></span> <span class='ocrx_word' id='word_1_177' title='bbox 2008 1849 2264 1933; x_wconf 83' lang='lat' dir='ltr'><strong>eadem,</strong></span> <span class='ocrx_word' id='word_1_178' title='bbox 2308 1872 2450 1937; x_wconf 82' lang='lat' dir='ltr'><strong>quae</strong></span> 
     </span>
     <span class='ocr_line' id='line_1_15' title="bbox 415 1961 2453 2050; baseline 0.001 -25"><span class='ocrx_word' id='word_1_179' title='bbox 415 1961 563 2025; x_wconf 86' lang='lat' dir='ltr'><strong>olim</strong></span> <span class='ocrx_word' id='word_1_180' title='bbox 585 2009 605 2043; x_wconf 87' lang='lat'>‚</span> <span class='ocrx_word' id='word_1_181' title='bbox 666 1961 1038 2026; x_wconf 79' lang='lat' dir='ltr'><strong>emendandi</strong></span> <span class='ocrx_word' id='word_1_182' title='bbox 1090 1974 1198 2027; x_wconf 81' lang='lat' dir='ltr'><strong>aut</strong></span> <span class='ocrx_word' id='word_1_183' title='bbox 1256 1964 1585 2050; x_wconf 79' lang='lat' dir='ltr'><strong>supplendi</strong></span> <span class='ocrx_word' id='word_1_184' title='bbox 1646 1966 1971 2030; x_wconf 73' lang='lat' dir='ltr'><strong>necessitas</strong></span> <span class='ocrx_word' id='word_1_185' title='bbox 1996 2014 2014 2048; x_wconf 89' lang='lat'>‚</span> <span class='ocrx_word' id='word_1_186' title='bbox 2082 1965 2453 2029; x_wconf 81' lang='lat' dir='ltr'><strong>Praetoribus</strong></span> 
     </span>
     <span class='ocr_line' id='line_1_16' title="bbox 416 2074 2450 2164; baseline 0.001 -26"><span class='ocrx_word' id='word_1_187' title='bbox 416 2074 699 2140; x_wconf 84' lang='lat' dir='ltr'><strong>mutandi</strong></span> <span class='ocrx_word' id='word_1_188' title='bbox 744 2088 854 2140; x_wconf 81' lang='lat' dir='ltr'><strong>aut</strong></span> <span class='ocrx_word' id='word_1_189' title='bbox 895 2098 1051 2141; x_wconf 80' lang='lat' dir='ltr'><strong>nova</strong></span> <span class='ocrx_word' id='word_1_190' title='bbox 1098 2077 1298 2163; x_wconf 80' lang='lat' dir='ltr'><strong>capita</strong></span> <span class='ocrx_word' id='word_1_191' title='bbox 1348 2075 1618 2143; x_wconf 79' lang='lat' dir='ltr'><strong>addendi</strong></span> <span class='ocrx_word' id='word_1_192' title='bbox 1658 2079 1762 2162; x_wconf 85' lang='lat' dir='ltr'><strong>jus</strong></span> <span class='ocrx_word' id='word_1_193' title='bbox 1811 2079 2128 2143; x_wconf 81' lang='lat' dir='ltr'><strong>ademtum</strong></span> <span class='ocrx_word' id='word_1_194' title='bbox 2185 2075 2282 2164; x_wconf 87' lang='lat'><strong>1).</strong></span> <span class='ocrx_word' id='word_1_195' title='bbox 2329 2076 2450 2141; x_wconf 89' lang='lat' dir='ltr'><strong>Sed</strong></span> 
     </span>
     <span class='ocr_line' id='line_1_17' title="bbox 412 2187 2449 2276; baseline 0 -23"><span class='ocrx_word' id='word_1_196' title='bbox 412 2211 645 2254; x_wconf 82' lang='lat' dir='ltr'><strong>novum</strong></span> <span class='ocrx_word' id='word_1_197' title='bbox 660 2189 921 2254; x_wconf 80' lang='lat' dir='ltr'><strong>Adriani</strong></span> <span class='ocrx_word' id='word_1_198' title='bbox 936 2193 1117 2274; x_wconf 79' lang='lat' dir='ltr'><strong>jussu</strong></span> <span class='ocrx_word' id='word_1_199' title='bbox 1131 2191 1404 2254; x_wconf 87' lang='lat' dir='ltr'><strong>edictum</strong></span> <span class='ocrx_word' id='word_1_200' title='bbox 1424 2191 1770 2276; x_wconf 76' lang='lat' dir='ltr'>composuit</span> <span class='ocrx_word' id='word_1_201' title='bbox 1785 2190 2024 2254; x_wconf 80' lang='lat' dir='ltr'><strong>Salvius</strong></span> <span class='ocrx_word' id='word_1_202' title='bbox 2040 2189 2324 2254; x_wconf 80' lang='lat' dir='ltr'>Julianus</span> <span class='ocrx_word' id='word_1_203' title='bbox 2346 2187 2449 2276; x_wconf 85' lang='lat'><strong>2),</strong></span> 
     </span>
     <span class='ocr_line' id='line_1_18' title="bbox 412 2297 2451 2388; baseline -0 -24"><span class='ocrx_word' id='word_1_204' title='bbox 412 2302 603 2387; x_wconf 78' lang='lat' dir='ltr'><strong>ipsius</strong></span> <span class='ocrx_word' id='word_1_205' title='bbox 653 2303 1080 2367; x_wconf 77' lang='lat' dir='ltr'><strong>convenientia</strong></span> <span class='ocrx_word' id='word_1_206' title='bbox 1136 2302 1519 2387; x_wconf 75' lang='lat' dir='ltr'>temporibus</span> <span class='ocrx_word' id='word_1_207' title='bbox 1548 2349 1566 2383; x_wconf 90' lang='lat'>‚</span> <span class='ocrx_word' id='word_1_208' title='bbox 1616 2300 1986 2388; x_wconf 88' lang='lat' dir='ltr'><strong>compendio</strong></span> <span class='ocrx_word' id='word_1_209' title='bbox 2044 2297 2131 2387; x_wconf 79' lang='lat'><strong>3)</strong></span> <span class='ocrx_word' id='word_1_210' title='bbox 2180 2300 2451 2364; x_wconf 78' lang='lat' dir='ltr'><strong>materiis</strong></span> 
     </span>
     <span class='ocr_line' id='line_1_19' title="bbox 411 2413 2451 2503; baseline -0 -24"><span class='ocrx_word' id='word_1_211' title='bbox 411 2413 698 2480; x_wconf 85' lang='lat' dir='ltr'><strong>distincto</strong></span> <span class='ocrx_word' id='word_1_212' title='bbox 720 2465 739 2501; x_wconf 89' lang='lat'>‚</span> <span class='ocrx_word' id='word_1_213' title='bbox 781 2416 1115 2502; x_wconf 74' lang='lat' dir='ltr'><strong>colligenS,</strong></span> <span class='ocrx_word' id='word_1_214' title='bbox 1152 2413 1437 2503; x_wconf 77' lang='lat' dir='ltr'><strong>quaedam</strong></span> <span class='ocrx_word' id='word_1_215' title='bbox 1482 2416 1671 2480; x_wconf 82' lang='lat' dir='ltr'><strong>etiam</strong></span> <span class='ocrx_word' id='word_1_216' title='bbox 1717 2427 1825 2480; x_wconf 79' lang='lat' dir='ltr'><strong>aut</strong></span> <span class='ocrx_word' id='word_1_217' title='bbox 1864 2427 2114 2481; x_wconf 81' lang='lat' dir='ltr'><strong>mutans</strong></span> <span class='ocrx_word' id='word_1_218' title='bbox 2149 2426 2259 2479; x_wconf 81' lang='lat' dir='ltr'><strong>aut</strong></span> <span class='ocrx_word' id='word_1_219' title='bbox 2295 2436 2451 2479; x_wconf 78' lang='lat' dir='ltr'><strong>nova</strong></span> 
     </span>
     <span class='ocr_line' id='line_1_20' title="bbox 409 2525 2450 2616; baseline -0.002 -22"><span class='ocrx_word' id='word_1_220' title='bbox 409 2527 712 2612; x_wconf 77' lang='lat' dir='ltr'><strong>adjiciens</strong></span> <span class='ocrx_word' id='word_1_221' title='bbox 739 2525 839 2616; x_wconf 83' lang='lat'><strong>4),</strong></span> <span class='ocrx_word' id='word_1_222' title='bbox 870 2551 979 2613; x_wconf 82' lang='lat' dir='ltr'><strong>ac,</strong></span> <span class='ocrx_word' id='word_1_223' title='bbox 1003 2528 1169 2616; x_wconf 85' lang='lat' dir='ltr'><strong>quod</strong></span> <span class='ocrx_word' id='word_1_224' title='bbox 1194 2549 1343 2593; x_wconf 80' lang='lat' dir='ltr'><strong>vero</strong></span> <span class='ocrx_word' id='word_1_225' title='bbox 1362 2529 1565 2592; x_wconf 74' lang='lat' dir='ltr'><strong>simile</strong></span> <span class='ocrx_word' id='word_1_226' title='bbox 1581 2576 1598 2610; x_wconf 90' lang='lat'>,</span> <span class='ocrx_word' id='word_1_227' title='bbox 1627 2528 1907 2593; x_wconf 79' lang='lat' dir='ltr'><strong>Praetoris</strong></span> <span class='ocrx_word' id='word_1_228' title='bbox 1931 2529 2115 2592; x_wconf 82' lang='lat' dir='ltr'><strong>etia&#39;m</strong></span> <span class='ocrx_word' id='word_1_229' title='bbox 2139 2528 2450 2614; x_wconf 87' lang='lat' dir='ltr'><strong>peregrini</strong></span> 
     </span>
     <span class='ocr_line' id='line_1_21' title="bbox 411 2636 2449 2726; baseline -0.001 -19"><span class='ocrx_word' id='word_1_230' title='bbox 411 2641 686 2708; x_wconf 85' lang='lat' dir='ltr'><strong>edictum</strong></span> <span class='ocrx_word' id='word_1_231' title='bbox 709 2664 853 2708; x_wconf 85' lang='lat' dir='ltr'><strong>cum</strong></span> <span class='ocrx_word' id='word_1_232' title='bbox 879 2643 1116 2709; x_wconf 85' lang='lat' dir='ltr'><strong>urbano</strong></span> <span class='ocrx_word' id='word_1_233' title='bbox 1137 2641 1526 2708; x_wconf 75' lang='lat' dir='ltr'><strong>confundens</strong></span> <span class='ocrx_word' id='word_1_234' title='bbox 1541 2636 1834 2726; x_wconf 65' lang='lat' dir='ltr'><strong>,&#39;aedi1itio</strong></span> <span class='ocrx_word' id='word_1_235' title='bbox 1857 2652 2065 2707; x_wconf 79' lang='lat' dir='ltr'><strong>autem</strong></span> <span class='ocrx_word' id='word_1_236' title='bbox 2089 2640 2449 2726; x_wconf 83' lang='lat' dir='ltr'><strong>appendicis</strong></span> 
     </span>
     <span class='ocr_line' id='line_1_22' title="bbox 409 2752 2447 2842; baseline -0.001 -21"><span class='ocrx_word' id='word_1_237' title='bbox 409 2757 545 2821; x_wconf 88' lang='lat' dir='ltr'><strong>loco</strong></span> <span class='ocrx_word' id='word_1_238' title='bbox 572 2755 903 2821; x_wconf 76' lang='lat' dir='ltr'><strong>accedente</strong></span> <span class='ocrx_word' id='word_1_239' title='bbox 941 2754 1029 2842; x_wconf 88' lang='lat'><strong>5).</strong></span> <span class='ocrx_word' id='word_1_240' title='bbox 1063 2757 1302 2820; x_wconf 75' lang='lat' dir='ltr'><strong>Novum</strong></span> <span class='ocrx_word' id='word_1_241' title='bbox 1325 2754 1516 2819; x_wconf 91' lang='lat' dir='ltr'><strong>hocce</strong></span> <span class='ocrx_word' id='word_1_242' title='bbox 1539 2754 1816 2820; x_wconf 86' lang='lat' dir='ltr'><strong>edictum</strong></span> <span class='ocrx_word' id='word_1_243' title='bbox 1841 2766 2212 2841; x_wconf 85' lang='lat' dir='ltr'><strong>perpetuum</strong></span> <span class='ocrx_word' id='word_1_244' title='bbox 2233 2752 2447 2841; x_wconf 79' lang='lat' dir='ltr'><strong>adpel-</strong></span> 
     </span>
     <span class='ocr_line' id='line_1_23' title="bbox 409 2868 2451 2957; baseline 0 -25"><span class='ocrx_word' id='word_1_245' title='bbox 409 2869 606 2933; x_wconf 85' lang='lat' dir='ltr'><strong>latum</strong></span> <span class='ocrx_word' id='word_1_246' title='bbox 648 2881 766 2953; x_wconf 85' lang='lat' dir='ltr'><strong>est,</strong></span> <span class='ocrx_word' id='word_1_247' title='bbox 806 2892 930 2934; x_wconf 91' lang='lat' dir='ltr'><strong>non</strong></span> <span class='ocrx_word' id='word_1_248' title='bbox 954 2919 973 2953; x_wconf 83' lang='lat'>,</span> <span class='ocrx_word' id='word_1_249' title='bbox 1018 2872 1191 2957; x_wconf 83' lang='lat' dir='ltr'><strong>quasi</strong></span> <span class='ocrx_word' id='word_1_250' title='bbox 1228 2870 1361 2954; x_wconf 83' lang='lat' dir='ltr'><strong>jam</strong></span> <span class='ocrx_word' id='word_1_251' title='bbox 1404 2879 1702 2955; x_wconf 89' lang='lat' dir='ltr'><strong>perpetuo</strong></span> <span class='ocrx_word' id='word_1_252' title='bbox 1731 2868 1900 2933; x_wconf 88' lang='lat' dir='ltr'><strong>idem</strong></span> <span class='ocrx_word' id='word_1_253' title='bbox 1927 2892 2290 2934; x_wconf 78' lang='lat' dir='ltr'><strong>mansurum</strong></span> <span class='ocrx_word' id='word_1_254' title='bbox 2317 2918 2334 2953; x_wconf 91' lang='lat'>‚</span> <span class='ocrx_word' id='word_1_255' title='bbox 2378 2880 2451 2933; x_wconf 87' lang='lat' dir='ltr'><strong>ut</strong></span> 
     </span>
     <span class='ocr_line' id='line_1_24' title="bbox 409 2982 2446 3072; baseline 0 -26"><span class='ocrx_word' id='word_1_256' title='bbox 409 2984 691 3072; x_wconf 86' lang='lat' dir='ltr'><strong>plerique</strong></span> <span class='ocrx_word' id='word_1_257' title='bbox 714 2982 1031 3049; x_wconf 87' lang='lat' dir='ltr'><strong>credidere</strong></span> <span class='ocrx_word' id='word_1_258' title='bbox 1048 3033 1065 3068; x_wconf 92' lang='lat'>,</span> <span class='ocrx_word' id='word_1_259' title='bbox 1092 2982 1198 3048; x_wconf 85' lang='lat' dir='ltr'><strong>sed</strong></span> <span class='ocrx_word' id='word_1_260' title='bbox 1229 2993 1460 3047; x_wconf 82' lang='lat' dir='ltr'><strong>servato</strong></span> <span class='ocrx_word' id='word_1_261' title='bbox 1499 2982 1756 3069; x_wconf 84' lang='lat' dir='ltr'><strong>antiquo</strong></span> <span class='ocrx_word' id='word_1_262' title='bbox 1786 2982 2127 3047; x_wconf 76' lang='lat' dir='ltr'><strong>edictorum</strong></span> <span class='ocrx_word' id='word_1_263' title='bbox 2152 2983 2403 3046; x_wconf 88' lang='lat' dir='ltr'><strong>nomine</strong></span> <span class='ocrx_word' id='word_1_264' title='bbox 2427 3030 2446 3066; x_wconf 89' lang='lat'>,</span> 
     </span>
     <span class='ocr_line' id='line_1_25' title="bbox 409 3093 2318 3185; baseline -0.001 -22"><span class='ocrx_word' id='word_1_265' title='bbox 409 3119 546 3184; x_wconf 81' lang='lat' dir='ltr'><strong>quae</strong></span> <span class='ocrx_word' id='word_1_266' title='bbox 575 3108 900 3185; x_wconf 75' lang='lat' dir='ltr'><strong>perpetue,</strong></span> <span class='ocrx_word' id='word_1_267' title='bbox 929 3107 1004 3162; x_wconf 85' lang='lat' dir='ltr'><strong>ut</strong></span> <span class='ocrx_word' id='word_1_268' title='bbox 1024 3119 1232 3164; x_wconf 79' lang='lat' dir='ltr'><strong>annua</strong></span> <span class='ocrx_word' id='word_1_269' title='bbox 1248 3146 1265 3181; x_wconf 93' lang='lat'>,</span> <span class='ocrx_word' id='word_1_270' title='bbox 1288 3119 1414 3163; x_wconf 89' lang='lat' dir='ltr'><strong>non</strong></span> <span class='ocrx_word' id='word_1_271' title='bbox 1441 3097 1764 3182; x_wconf 81' lang='lat' dir='ltr'><strong>repentina</strong></span> <span class='ocrx_word' id='word_1_272' title='bbox 1781 3146 1800 3182; x_wconf 88' lang='lat'><strong>,</strong></span> <span class='ocrx_word' id='word_1_273' title='bbox 1824 3095 2204 3161; x_wconf 72' lang='lat' dir='ltr'><strong>vocabantur</strong></span> <span class='ocrx_word' id='word_1_274' title='bbox 2226 3093 2318 3182; x_wconf 85' lang='lat'><strong>6).</strong></span> 
     </span>
    </p>
   </div>
   <div class='ocr_carea' id='block_1_6' title="bbox 400 3288 2452 4164">
    <p class='ocr_par' dir='ltr' id='par_1_6' title="bbox 400 3288 2452 4164">
     <span class='ocr_line' id='line_1_26' title="bbox 474 3288 2446 3355; baseline 0 -18"><span class='ocrx_word' id='word_1_275' title='bbox 474 3289 531 3352; x_wconf 85' lang='lat'><strong>1)</strong></span> <span class='ocrx_word' id='word_1_276' title='bbox 551 3291 627 3338; x_wconf 81' lang='lat' dir='ltr'><strong>Cf.</strong></span> <span class='ocrx_word' id='word_1_277' title='bbox 649 3290 780 3338; x_wconf 87' lang='lat' dir='ltr'><strong>Plin.</strong></span> <span class='ocrx_word' id='word_1_278' title='bbox 798 3290 910 3354; x_wconf 82' lang='lat' dir='ltr'><strong>Ep.</strong></span> <span class='ocrx_word' id='word_1_279' title='bbox 933 3290 995 3354; x_wconf 81' lang='lat'><strong>5,</strong></span> <span class='ocrx_word' id='word_1_280' title='bbox 1019 3290 1101 3339; x_wconf 91' lang='grc'><strong>21.</strong></span> <span class='ocrx_word' id='word_1_281' title='bbox 1120 3318 1181 3328; x_wconf 92' lang='grc'><strong>-</strong></span> <span class='ocrx_word' id='word_1_282' title='bbox 1204 3290 1256 3355; x_wconf 88' lang='grc'><strong>2)</strong></span> <span class='ocrx_word' id='word_1_283' title='bbox 1273 3288 1578 3355; x_wconf 67' lang='lat' dir='ltr'><strong>Pomponius</strong></span> <span class='ocrx_word' id='word_1_284' title='bbox 1595 3290 1631 3338; x_wconf 81' lang='lat'><strong>1.</strong></span> <span class='ocrx_word' id='word_1_285' title='bbox 1648 3306 1695 3339; x_wconf 87' lang='lat' dir='ltr'><strong>c.</strong></span> <span class='ocrx_word' id='word_1_286' title='bbox 1712 3289 1964 3339; x_wconf 74' lang='lat' dir='ltr'><strong>Edictum</strong></span> <span class='ocrx_word' id='word_1_287' title='bbox 1982 3290 2227 3339; x_wconf 69' lang='lat' dir='ltr'><strong>Proeeoris</strong></span> <span class='ocrx_word' id='word_1_288' title='bbox 2240 3292 2446 3353; x_wconf 71' lang='lat' dir='ltr'><strong>primm</strong></span> 
     </span>
     <span class='ocr_line' id='line_1_27' title="bbox 406 3377 2447 3444; baseline -0.001 -18"><span class='ocrx_word' id='word_1_289' title='bbox 406 3378 674 3442; x_wconf 62' lang='lat' dir='ltr'><strong>dssiqenter</strong></span> <span class='ocrx_word' id='word_1_290' title='bbox 690 3383 989 3443; x_wconf 69' lang='lat' dir='ltr'><strong>composuit.</strong></span> <span class='ocrx_word' id='word_1_291' title='bbox 1015 3380 1091 3427; x_wconf 81' lang='lat' dir='ltr'><strong>Cf.</strong></span> <span class='ocrx_word' id='word_1_292' title='bbox 1115 3381 1321 3444; x_wconf 85' lang='lat' dir='ltr'><strong>Eutrop.</strong></span> <span class='ocrx_word' id='word_1_293' title='bbox 1344 3380 1376 3428; x_wconf 87' lang='grc'><strong>8</strong></span> <span class='ocrx_word' id='word_1_294' title='bbox 1392 3417 1409 3444; x_wconf 91' lang='grc'>,</span> <span class='ocrx_word' id='word_1_295' title='bbox 1433 3380 1495 3441; x_wconf 86' lang='grc'><strong>9,</strong></span> <span class='ocrx_word' id='word_1_296' title='bbox 1518 3379 1654 3428; x_wconf 75' lang='lat' dir='ltr'><strong>vict.</strong></span> <span class='ocrx_word' id='word_1_297' title='bbox 1674 3381 1735 3427; x_wconf 75' lang='lat' dir='ltr'><strong>do</strong></span> <span class='ocrx_word' id='word_1_298' title='bbox 1758 3380 1885 3429; x_wconf 71' lang='lat' dir='ltr'><strong>Coee.</strong></span> <span class='ocrx_word' id='word_1_299' title='bbox 1912 3378 2005 3442; x_wconf 83' lang='lat'><strong>19,</strong></span> <span class='ocrx_word' id='word_1_300' title='bbox 2032 3380 2153 3428; x_wconf 81' lang='lat' dir='ltr'><strong>cod.</strong></span> <span class='ocrx_word' id='word_1_301' title='bbox 2180 3377 2239 3443; x_wconf 71' lang='lat'><strong>⁴,</strong></span> <span class='ocrx_word' id='word_1_302' title='bbox 2265 3378 2325 3441; x_wconf 82' lang='lat'><strong>5,</strong></span> <span class='ocrx_word' id='word_1_303' title='bbox 2354 3377 2447 3438; x_wconf 83' lang='grc'><strong>10,</strong></span> 
     </span>
     <span class='ocr_line' id='line_1_28' title="bbox 410 3466 2438 3536; baseline 0 -21"><span class='ocrx_word' id='word_1_304' title='bbox 410 3467 617 3516; x_wconf 72' lang='lat' dir='ltr'><strong>Constit.</strong></span> <span class='ocrx_word' id='word_1_305' title='bbox 642 3470 704 3517; x_wconf 73' lang='lat' dir='ltr'><strong>de</strong></span> <span class='ocrx_word' id='word_1_306' title='bbox 724 3470 956 3533; x_wconf 80' lang='lat' dir='ltr'><strong>confirm.</strong></span> <span class='ocrx_word' id='word_1_307' title='bbox 979 3469 1142 3532; x_wconf 75' lang='lat' dir='ltr'><strong>Diqq.</strong></span> <span class='ocrx_word' id='word_1_308' title='bbox 1168 3466 1212 3536; x_wconf 88' lang='lat'><strong>§.</strong></span> <span class='ocrx_word' id='word_1_309' title='bbox 1240 3468 1321 3517; x_wconf 89' lang='grc'><strong>18.</strong></span> <span class='ocrx_word' id='word_1_310' title='bbox 1348 3498 1407 3505; x_wconf 95' lang='grc'><strong>-</strong></span> <span class='ocrx_word' id='word_1_311' title='bbox 1431 3468 1484 3530; x_wconf 89' lang='grc'><strong>3)</strong></span> <span class='ocrx_word' id='word_1_312' title='bbox 1511 3468 1586 3517; x_wconf 85' lang='lat' dir='ltr'><strong>Cs.</strong></span> <span class='ocrx_word' id='word_1_313' title='bbox 1612 3468 1772 3517; x_wconf 69' lang='lat' dir='ltr'><strong>brevio</strong></span> <span class='ocrx_word' id='word_1_314' title='bbox 1796 3475 2040 3517; x_wconf 70' lang='lat' dir='ltr'><strong>tractatus</strong></span> <span class='ocrx_word' id='word_1_315' title='bbox 2065 3468 2231 3517; x_wconf 74' lang='lat' dir='ltr'><strong>Const.</strong></span> <span class='ocrx_word' id='word_1_316' title='bbox 2256 3469 2438 3518; x_wconf 73' lang='lat' dir='ltr'><strong>Dedit.</strong></span> 
     </span>
     <span class='ocr_line' id='line_1_29' title="bbox 405 3553 2445 3626; baseline 0 -19"><span class='ocrx_word' id='word_1_317' title='bbox 405 3553 455 3626; x_wconf 85' lang='grc'><strong>5.</strong></span> <span class='ocrx_word' id='word_1_318' title='bbox 478 3557 561 3607; x_wconf 87' lang='grc'><strong>18.</strong></span> <span class='ocrx_word' id='word_1_319' title='bbox 581 3587 643 3596; x_wconf 91' lang='grc'><strong>--</strong></span> <span class='ocrx_word' id='word_1_320' title='bbox 663 3558 725 3614; x_wconf 71' lang='lat'><strong>4)</strong></span> <span class='ocrx_word' id='word_1_321' title='bbox 746 3558 823 3608; x_wconf 77' lang='lat' dir='ltr'><strong>Cf.</strong></span> <span class='ocrx_word' id='word_1_322' title='bbox 842 3559 1004 3622; x_wconf 66' lang='lat' dir='ltr'><strong>Dn&#39;qq.</strong></span> <span class='ocrx_word' id='word_1_323' title='bbox 1020 3558 1085 3607; x_wconf 89' lang='grc'><strong>37</strong></span> <span class='ocrx_word' id='word_1_324' title='bbox 1100 3594 1116 3620; x_wconf 89' lang='grc'>,</span> <span class='ocrx_word' id='word_1_325' title='bbox 1136 3557 1199 3621; x_wconf 84' lang='grc'><strong>8,</strong></span> <span class='ocrx_word' id='word_1_326' title='bbox 1220 3558 1272 3606; x_wconf 89' lang='grc'><strong>3.</strong></span> <span class='ocrx_word' id='word_1_327' title='bbox 1293 3585 1353 3595; x_wconf 93' lang='lat'><strong>—-</strong></span> <span class='ocrx_word' id='word_1_328' title='bbox 1370 3557 1425 3622; x_wconf 79' lang='grc'><strong>5)</strong></span> <span class='ocrx_word' id='word_1_329' title='bbox 1450 3557 1526 3606; x_wconf 79' lang='lat' dir='ltr'><strong>Cf.</strong></span> <span class='ocrx_word' id='word_1_330' title='bbox 1552 3557 1836 3620; x_wconf 70' lang='lat' dir='ltr'><strong>nackeldey</strong></span> <span class='ocrx_word' id='word_1_331' title='bbox 1855 3556 2036 3605; x_wconf 75' lang='lat' dir='ltr'><strong>Lehrb.</strong></span> <span class='ocrx_word' id='word_1_332' title='bbox 2060 3558 2112 3605; x_wconf 79' lang='lat' dir='ltr'><strong>d.</strong></span> <span class='ocrx_word' id='word_1_333' title='bbox 2138 3559 2276 3605; x_wconf 66' lang='lat' dir='ltr'><strong>beat.</strong></span> <span class='ocrx_word' id='word_1_334' title='bbox 2300 3571 2445 3608; x_wconf 58' lang='grc' dir='ltr'><strong>νωθῆ.</strong></span> 
     </span>
     <span class='ocr_line' id='line_1_30' title="bbox 401 3642 2452 3716; baseline -0 -20"><span class='ocrx_word' id='word_1_335' title='bbox 401 3646 586 3699; x_wconf 67' lang='lat' dir='ltr'><strong>Recta·</strong></span> <span class='ocrx_word' id='word_1_336' title='bbox 608 3646 654 3715; x_wconf 96' lang='grc'><strong>5.</strong></span> <span class='ocrx_word' id='word_1_337' title='bbox 671 3649 764 3712; x_wconf 73' lang='grc'><strong>40,</strong></span> <span class='ocrx_word' id='word_1_338' title='bbox 788 3649 932 3712; x_wconf 75' lang='lat' dir='ltr'><strong>Ilugo</strong></span> <span class='ocrx_word' id='word_1_339' title='bbox 952 3646 998 3716; x_wconf 85' lang='lat'><strong>§.</strong></span> <span class='ocrx_word' id='word_1_340' title='bbox 1017 3647 1135 3697; x_wconf 88' lang='grc'><strong>311.</strong></span> <span class='ocrx_word' id='word_1_341' title='bbox 1158 3663 1276 3712; x_wconf 68' lang='lat' dir='ltr'><strong>pag.</strong></span> <span class='ocrx_word' id='word_1_342' title='bbox 1297 3646 1417 3697; x_wconf 81' lang='lat'><strong>518.</strong></span> <span class='ocrx_word' id='word_1_343' title='bbox 1438 3674 1499 3684; x_wconf 96' lang='lat'>—</span> <span class='ocrx_word' id='word_1_344' title='bbox 1520 3646 1586 3709; x_wconf 82' lang='grc'><strong>6)</strong></span> <span class='ocrx_word' id='word_1_345' title='bbox 1608 3646 1685 3698; x_wconf 73' lang='lat' dir='ltr'><strong>Cf.</strong></span> <span class='ocrx_word' id='word_1_346' title='bbox 1705 3642 2036 3715; x_wconf 65' lang='grc'><strong>110505177</strong></span> <span class='ocrx_word' id='word_1_347' title='bbox 2061 3652 2112 3694; x_wconf 84' lang='lat' dir='ltr'><strong>et</strong></span> <span class='ocrx_word' id='word_1_348' title='bbox 2133 3646 2248 3696; x_wconf 84' lang='grc'><strong>311.</strong></span> <span class='ocrx_word' id='word_1_349' title='bbox 2274 3646 2323 3694; x_wconf 77' lang='lat' dir='ltr'><strong>Is</strong></span> <span class='ocrx_word' id='word_1_350' title='bbox 2342 3648 2452 3695; x_wconf 79' lang='lat' dir='ltr'><strong>vul-</strong></span> 
     </span>
     <span class='ocr_line' id='line_1_31' title="bbox 400 3734 2437 3800; baseline 0.001 -17"><span class='ocrx_word' id='word_1_351' title='bbox 400 3737 506 3800; x_wconf 72' lang='lat' dir='ltr'><strong>gari</strong></span> <span class='ocrx_word' id='word_1_352' title='bbox 527 3736 589 3785; x_wconf 86' lang='lat' dir='ltr'><strong>de</strong></span> <span class='ocrx_word' id='word_1_353' title='bbox 606 3753 733 3786; x_wconf 77' lang='lat' dir='ltr'><strong>novo</strong></span> <span class='ocrx_word' id='word_1_354' title='bbox 754 3738 918 3787; x_wconf 84' lang='lat' dir='ltr'><strong>edicto</strong></span> <span class='ocrx_word' id='word_1_355' title='bbox 953 3737 1209 3786; x_wconf 74' lang='lat' dir='ltr'><strong>sententiae</strong></span> <span class='ocrx_word' id='word_1_356' title='bbox 1243 3736 1566 3785; x_wconf 80' lang='lat' dir='ltr'><strong>vehementer</strong></span> <span class='ocrx_word' id='word_1_357' title='bbox 1585 3771 1602 3799; x_wconf 89' lang='lat'><strong>,</strong></span> <span class='ocrx_word' id='word_1_358' title='bbox 1636 3735 1723 3784; x_wconf 72' lang='lat' dir='ltr'><strong>ned</strong></span> <span class='ocrx_word' id='word_1_359' title='bbox 1750 3751 1926 3800; x_wconf 79' lang='lat' dir='ltr'><strong>parum</strong></span> <span class='ocrx_word' id='word_1_360' title='bbox 1942 3734 2195 3800; x_wconf 78' lang='lat' dir='ltr'><strong>probanda</strong></span> <span class='ocrx_word' id='word_1_361' title='bbox 2213 3736 2437 3785; x_wconf 70' lang='lat' dir='ltr'><strong>testimo-</strong></span> 
     </span>
     <span class='ocr_line' id='line_1_32' title="bbox 400 3822 2444 3892; baseline 0.001 -19"><span class='ocrx_word' id='word_1_362' title='bbox 400 3826 600 3874; x_wconf 74' lang='lat' dir='ltr'><strong>nior-um</strong></span> <span class='ocrx_word' id='word_1_363' title='bbox 636 3826 717 3875; x_wconf 75' lang='lat' dir='ltr'><strong>vel</strong></span> <span class='ocrx_word' id='word_1_364' title='bbox 752 3826 1156 3892; x_wconf 72' lang='lat' dir='ltr'><strong>interpretatione</strong></span> <span class='ocrx_word' id='word_1_365' title='bbox 1189 3824 1270 3873; x_wconf 75' lang='lat' dir='ltr'><strong>vel</strong></span> <span class='ocrx_word' id='word_1_366' title='bbox 1307 3824 1578 3890; x_wconf 77' lang='lat' dir='ltr'><strong>rejectione</strong></span> <span class='ocrx_word' id='word_1_367' title='bbox 1610 3830 1854 3889; x_wconf 73' lang='lat' dir='ltr'><strong>repugnat</strong></span> <span class='ocrx_word' id='word_1_368' title='bbox 1891 3822 1967 3892; x_wconf 83' lang='grc'><strong>(5.</strong></span> <span class='ocrx_word' id='word_1_369' title='bbox 1989 3824 2138 3881; x_wconf 91' lang='grc'><strong>311.)</strong></span> <span class='ocrx_word' id='word_1_370' title='bbox 2159 3862 2175 3889; x_wconf 83' lang='grc'>,</span> <span class='ocrx_word' id='word_1_371' title='bbox 2219 3827 2444 3877; x_wconf 84' lang='lat' dir='ltr'><strong>omnium</strong></span> 
     </span>
     <span class='ocr_line' id='line_1_33' title="bbox 402 3915 2440 3980; baseline 0.001 -18"><span class='ocrx_word' id='word_1_372' title='bbox 402 3915 607 3964; x_wconf 82' lang='lat' dir='ltr'><strong>minime</strong></span> <span class='ocrx_word' id='word_1_373' title='bbox 624 3915 902 3965; x_wconf 73' lang='lat' dir='ltr'><strong>concedens</strong></span> <span class='ocrx_word' id='word_1_374' title='bbox 920 3953 937 3980; x_wconf 86' lang='lat'>,</span> <span class='ocrx_word' id='word_1_375' title='bbox 970 3915 1272 3965; x_wconf 57' lang='lat' dir='ltr'><strong>Pru-toribus</strong></span> <span class='ocrx_word' id='word_1_376' title='bbox 1294 3915 1344 3963; x_wconf 87' lang='lat' dir='ltr'><strong>id</strong></span> <span class='ocrx_word' id='word_1_377' title='bbox 1365 3952 1381 3980; x_wconf 87' lang='lat'>‚</span> <span class='ocrx_word' id='word_1_378' title='bbox 1410 3916 1549 3965; x_wconf 81' lang='lat' dir='ltr'><strong>nulla</strong></span> <span class='ocrx_word' id='word_1_379' title='bbox 1569 3915 1621 3962; x_wconf 87' lang='lat' dir='ltr'><strong>in</strong></span> <span class='ocrx_word' id='word_1_380' title='bbox 1643 3919 1896 3977; x_wconf 79' lang='lat' dir='ltr'><strong>posterum</strong></span> <span class='ocrx_word' id='word_1_381' title='bbox 1915 3915 2142 3963; x_wconf 78' lang='lat' dir='ltr'><strong>mutandi</strong></span> <span class='ocrx_word' id='word_1_382' title='bbox 2169 3921 2410 3979; x_wconf 78' lang='lat' dir='ltr'><strong>potestate</strong></span> <span class='ocrx_word' id='word_1_383' title='bbox 2423 3954 2440 3977; x_wconf 83' lang='lat'><em>‚</em></span> 
     </span>
     <span class='ocr_line' id='line_1_34' title="bbox 400 4003 2439 4073; baseline 0.002 -22"><span class='ocrx_word' id='word_1_384' title='bbox 400 4005 696 4055; x_wconf 69' lang='lat' dir='ltr'><strong>servendum</strong></span> <span class='ocrx_word' id='word_1_385' title='bbox 731 4006 879 4056; x_wconf 68' lang='lat' dir='ltr'><strong>suine</strong></span> <span class='ocrx_word' id='word_1_386' title='bbox 909 4007 1013 4066; x_wconf 77' lang='lat' dir='ltr'><strong>(cf.</strong></span> <span class='ocrx_word' id='word_1_387' title='bbox 1038 4006 1200 4057; x_wconf 63' lang='lat' dir='ltr'><strong>holt.</strong></span> <span class='ocrx_word' id='word_1_388' title='bbox 1225 4003 1270 4073; x_wconf 89' lang='grc'><strong>5.</strong></span> <span class='ocrx_word' id='word_1_389' title='bbox 1295 4005 1443 4071; x_wconf 71' lang='lat' dir='ltr'><strong>4o.&gt;;</strong></span> <span class='ocrx_word' id='word_1_390' title='bbox 1475 4004 1537 4055; x_wconf 87' lang='lat' dir='ltr'><strong>de</strong></span> <span class='ocrx_word' id='word_1_391' title='bbox 1555 4020 1657 4068; x_wconf 85' lang='lat' dir='ltr'><strong>quo</strong></span> <span class='ocrx_word' id='word_1_392' title='bbox 1672 4003 1902 4053; x_wconf 77' lang='lat' dir='ltr'><strong>dubitare</strong></span> <span class='ocrx_word' id='word_1_393' title='bbox 1920 4004 2071 4069; x_wconf 71' lang='lat' dir='ltr'><strong>pouit</strong></span> <span class='ocrx_word' id='word_1_394' title='bbox 2089 4042 2105 4068; x_wconf 85' lang='lat'>‚</span> <span class='ocrx_word' id='word_1_395' title='bbox 2129 4019 2194 4054; x_wconf 71' lang='lat' dir='ltr'><strong>an</strong></span> <span class='ocrx_word' id='word_1_396' title='bbox 2213 4021 2439 4070; x_wconf 70' lang='lat' dir='ltr'><strong>unquam</strong></span> 
     </span>
     <span class='ocr_line' id='line_1_35' title="bbox 405 4096 2436 4164; baseline 0.002 -22"><span class='ocrx_word' id='word_1_397' title='bbox 405 4098 755 4149; x_wconf 62' lang='lat' dir='ltr'><strong>controversia</strong></span> <span class='ocrx_word' id='word_1_398' title='bbox 776 4097 888 4148; x_wconf 67' lang='lat' dir='ltr'><strong>fini:</strong></span> <span class='ocrx_word' id='word_1_399' title='bbox 904 4098 1123 4150; x_wconf 69' lang='lat' dir='ltr'><strong>sununs.</strong></span> <span class='ocrx_word' id='word_1_400' title='bbox 1145 4098 1387 4163; x_wconf 78' lang='lat' dir='ltr'><strong>Equidem</strong></span> <span class='ocrx_word' id='word_1_401' title='bbox 1406 4113 1464 4148; x_wconf 83' lang='lat' dir='ltr'><strong>oo</strong></span> <span class='ocrx_word' id='word_1_402' title='bbox 1486 4096 1725 4148; x_wconf 68' lang='lat' dir='ltr'><strong>libentius</strong></span> <span class='ocrx_word' id='word_1_403' title='bbox 1744 4096 1995 4149; x_wconf 80' lang='lat' dir='ltr'><strong>crederem</strong></span> <span class='ocrx_word' id='word_1_404' title='bbox 2010 4133 2026 4161; x_wconf 88' lang='lat'>‚</span> <span class='ocrx_word' id='word_1_405' title='bbox 2050 4096 2292 4164; x_wconf 70' lang='lat' dir='ltr'><strong>Principis</strong></span> <span class='ocrx_word' id='word_1_406' title='bbox 2312 4112 2436 4148; x_wconf 76' lang='lat' dir='ltr'><strong>aue·</strong></span> 
     </span>
    </p>
   </div>
  </div>
 </body>
</html>
