3111 4829
1571 371 1596 454 (
1635 368 1757 432 328
1797 368 1823 455 )

653 498 776 564 hoc
801 498 1205 566 sacerdotium
1266 501 1536 567 restituit
1565 502 1897 589 Augustus.
1926 504 2025 568 Ab
2065 503 2277 570 eodem
2297 554 2316 590 ‚
2348 504 2467 570 nisi
2500 506 2692 570 mavis

658 635 695 677 a
725 614 956 678 Caesare
979 609 1080 702 7),
1125 614 1302 680 initio
1334 616 1491 680 facto
1514 664 1531 698 ,
1567 617 1901 682 consecrati
1945 616 2232 705 deinceps
2261 620 2523 685 Caesares
2566 619 2693 685 fla-

658 727 857 791 mines
883 749 1022 792 suos
1045 726 1401 793 habuerunt
1424 727 1520 818 (§.
1555 726 1752 816 307.)

724 864 775 929 1)
797 864 838 912 A
857 862 942 913 filo
955 900 971 927 ,
993 880 1094 929 quo
1117 869 1266 929 caput
1287 863 1552 928 cingebant
1572 901 1587 928 ‚
1606 863 1847 915 filamines
1864 865 2079 931 primum
2094 904 2110 931 ,
2131 869 2272 932 post,
2297 872 2526 933 correpta
2547 882 2690 929 voce,

656 954 880 1004 flamines
914 961 1112 1005 vocatos
1126 991 1144 1019 ‚
1166 961 1355 1004 veteres
1377 955 1601 1005 tradunt.
1622 956 1701 1005 Cf.
1733 956 1889 1006 Varro
1924 959 1985 1007 de
2008 957 2070 1006 l..
2091 958 2156 1007 L.
2191 956 2243 1007 4.
2265 973 2318 1022 p.
2343 957 2409 1006 22
2430 994 2446 1021 ‚
2466 959 2598 1007 Fest-
2635 958 2691 1007 in

650 1049 857 1112 flamen.
892 1045 967 1093 Cs.
1002 1051 1052 1093 et
1081 1045 1301 1108 lanigeri
1339 1045 1503 1110 apices
1524 1082 1539 1108 ‚
1565 1046 1683 1094 AEn.
1711 1045 1741 1093 8
1758 1083 1773 1110 ,
1796 1045 1895 1095 664
1912 1083 1928 1107 ‚
1955 1047 2079 1111 ibiq.
2101 1047 2235 1096 Serv.
2258 1084 2274 1111 ,
2297 1054 2348 1095 et
2377 1046 2518 1096 Ovid.
2541 1049 2689 1097 Faet.

654 1135 717 1201 2,
742 1136 905 1186 210—
925 1137 976 1201 2)
1003 1137 1077 1185 Cf.
1102 1136 1209 1185 Cic.
1234 1137 1548 1203 deLeqq.2,
1575 1137 1628 1187 8.
1649 1137 1785 1190 -3t
1810 1137 1888 1204 Cf.
1908 1138 2064 1187 Varro
2088 1138 2267 1202 4,15‚
2291 1139 2350 1201 6,
2375 1139 2426 1188 ὅ.
2447 1139 2581 1204 -4)
2607 1140 2687 1187 Cf.

655 1222 782 1273 Gen.
808 1221 899 1288 10,
929 1222 992 1274 15
1010 1261 1025 1288 ,
1056 1223 1163 1273 Liv.
1184 1221 1216 1272 5
1234 1260 1252 1288 ‚
1275 1223 1358 1274 52.
1381 1252 1441 1261 —
1461 1224 1518 1288 5)
1542 1224 1621 1274 Cf.
1650 1224 1758 1274 Liv.
1782 1224 1884 1290 31,
1913 1225 1997 1275 50.
2019 1252 2083 1264 —
2107 1224 2160 1289 6)
2185 1221 2328 1274 ovid.
2353 1226 2415 1291 2,
2436 1221 2520 1276 27.
2543 1253 2609 1268 --
2629 1223 2688 1288 7)

653 1313 718 1363 V.
739 1314 873 1364 Suet.
892 1314 1022 1378 Qoea.
1044 1313 1143 1378 76,
1165 1310 1271 1364 Gic.
1293 1314 1435 1365 Plau.
1459 1314 1491 1363 2
1509 1351 1527 1380 ‚
1551 1312 1635 1364 43.
2346 1307 2362 1322 ⁹

744 1458 893 1521 325.
941 1457 1211 1525 Vestales
1249 1457 1278 1518 1
1305 1452 1329 1539 )
1355 1504 1373 1540 ,
1405 1456 1611 1524 Vestae
1665 1454 1999 1521 sacerdotes
2048 1454 2073 1546 (
2096 1458 2155 1543 §.
2182 1456 2331 1521 288.
2359 1454 2384 1544 )
2414 1505 2432 1542 ,
2461 1458 2678 1524 Romae

651 1569 915 1636 insistuit
937 1571 1136 1660 Numa
1162 1566 1253 1657 2),
1282 1591 1618 1634 numerum
1641 1569 1720 1634 ad
1748 1593 1921 1636 senas
1950 1570 2119 1635 auxit
2148 1571 2395 1634 Servius
2421 1571 2679 1637 Tullius.

648 1683 889 1773 Praescs
919 1683 1176 1752 Vestalis
1196 1683 1292 1746 vel
1319 1682 1511 1767 Virgo
1531 1682 1793 1748 Maxima
1823 1680 1914 1771 3).
1955 1682 2251 1749 Creandae
2275 1684 2505 1753 Vestali
2527 1686 2688 1748 Pon-

649 1796 804 1859 tifex
875 1797 955 1860 M.
1005 1793 1031 1885 (
1058 1795 1117 1879 §.
1145 1793 1344 1885 318.)
1393 1797 1610 1883 viginti
1648 1797 1916 1884 virgines
1945 1807 2156 1862 tenera
2189 1807 2398 1880 aetate,
2426 1817 2686 1882 corpore

648 1907 952 1994 integras,
1021 1930 1137 1973 nec
1184 1907 1438 1996 ignobili
1472 1920 1647 1994 ortu,
1680 1909 1940 1995 legebat.
1971 1911 2058 1974 Ex
2098 1909 2194 1973 his
2223 1920 2379 1973 sorte
2419 1907 2684 1973 comitiis

646 2020 895 2086 curiatis
939 2021 1316 2106 ducebatur3
1365 2022 1443 2086 de
1473 2044 1597 2109 quo
1631 2023 1906 2088 solennia
1934 2023 2120 2087 verba
2161 2043 2377 2109 capere
2399 2070 2417 2106 ,
2465 2032 2638 2107 capta
2660 2073 2682 2108 ,

642 2146 842 2200 amata
874 2132 964 2223 4).
1006 2135 1192 2221 Capta
1237 2137 1439 2205 Vestae
1467 2135 1807 2200 ministerio
1846 2136 1913 2199 in
1944 2136 2197 2223 triginta
2238 2139 2468 2219 annos,
2495 2135 2683 2200 simul

643 2249 899 2314 castitati
927 2246 1203 2335 addicta;
1240 2248 1416 2336 queis
1446 2249 1662 2335 elapsis
1684 2296 1701 2331 ‚
1733 2248 2066 2315 sacerdotio
2096 2246 2387 2313 excedere
2412 2296 2430 2332 ,
2461 2247 2683 2312 matri—-

643 2363 922 2429 monium
949 2386 1195 2453 quoque
1218 2364 1611 2451 permissum.

730 2481 805 2545 In
856 2480 1069 2545 officiis
1097 2480 1438 2548 Vestalium
1485 2479 1873 2565 praecipuum
1919 2480 2083 2566 ignis
2113 2478 2268 2544 sacri
2314 2478 2340 2570 (
2366 2479 2536 2545 focus
2555 2501 2677 2564 pu-

640 2590 884 2682 blicus)
934 2592 1207 2659 custodia
1232 2588 1340 2682 5),
1389 2593 1497 2679 qui
1527 2592 1578 2656 si
1619 2612 1832 2658 earum
1881 2592 2121 2657 incuria
2173 2593 2636 2678 extingueretur
2656 2641 2676 2676 ,

642 2706 883 2771 noxiam
915 2707 1156 2794 flagello
1185 2707 1515 2794 castigabat
1539 2708 1817 2773 Pontifex
1845 2708 1927 2772 M.
1957 2704 2046 2795 6).
2076 2707 2247 2793 Ignis
2272 2707 2506 2792 placato
2531 2726 2680 2790 pre-

641 2820 818 2886 cibus
845 2822 1138 2906 numine,
1158 2821 1452 2909 idemque
1475 2822 1804 2909 quotannis
1835 2820 2116 2885 Calendis
2138 2819 2369 2886 Martiis
2392 2821 2456 2903 7)
2479 2840 2678 2882 reno—-

639 2934 927 3019 vabatur‚
967 2936 1349 3022 sylvestrium
1379 2957 1550 3000 more
1595 2934 1923 2999 hominum
1945 2980 1963 3018 ,
2001 2935 2186 3020 petita
2212 2934 2461 3020 lignum
2501 2932 2674 3019 ligno

650 3047 905 3113 terendo
944 3048 1189 3112 flamma
1223 3051 1307 3132 8).
1349 3049 1605 3118 Violatae
1642 3049 1936 3113 ‘castitatis
1981 3058 2359 3134 compertam
2397 3047 2494 3110 lex
2525 3056 2677 3139 'erat

637 3162 835 3227 vivam
859 3163 923 3226 in
956 3184 1173 3247 campo
1203 3163 1489 3227 scelerato
1521 3160 1728 3226 defodi
1743 3158 1835 3250 9),
1860 3162 1962 3227 cui
1983 3161 2065 3227 ab
2095 3160 2326 3226 incesto
2350 3160 2415 3224 id
2444 3180 2670 3245 nomen

638 3274 869 3339 factum
902 3273 1097 3339 credit
1138 3273 1341 3337 Livius
1368 3271 1478 3361 10)
1508 3298 1525 3358 ;
1565 3283 1966 3360 stupratorem
1989 3296 2026 3339 a
2055 3273 2349 3339 Pontifice
2377 3273 2459 3338 M.
2479 3270 2663 3357 virgis

633 3387 712 3453 ad
763 3384 1407 3454 necem'verberatum
1460 3387 1626 3452 idem
1672 3399 1973 3454 memorat
2029 3386 2169 3477 11).
2212 3388 2286 3452 In
2331 3383 2667 3471 privilegiis

632 3502 972 3572 Vestalium
1019 3500 1268 3587 ponitur
1319 3501 1625 3586 exemptio
1676 3523 1712 3565 e
1760 3502 1953 3587 patria
2001 3512 2288 3588 potestate
2326 3496 2351 3587 (
2376 3499 2435 3582 §.
2471 3496 2581 3560 86.
2606 3496 2671 3584 ),

629 3618 806 3683 lictor
832 3615 1235 3704 prodeuntem
1275 3614 1676 3699 antecedens,
1707 3613 1881 3679 sedes
1919 3616 2160 3699 propria
2200 3612 2267 3675 in
2307 3610 2670 3694 spectaculis

635 3730 781 3821 12);
810 3730 974 3821 quod
998 3729 1203 3795 obvios
1227 3727 1543 3794 damnatos
1574 3727 1873 3815 supplicio
1898 3726 2282 3806 liberabant,
2315 3733 2433 3789 etc.
2466 3723 2667 3788 liabi-

636 3859 735 3911 tus
759 3845 1002 3932 insigne
1032 3843 1209 3908 vestis
1245 3843 1416 3927 alba,
1454 3842 1652 3907 infula
1678 3891 1696 3926 ‚
1727 3840 2088 3907 suffibulum
2113 3836 2246 3925 13).

692 3984 744 4048 1)
769 3984 845 4031 Cf.
869 3984 1070 4046 Dionys.
1088 3983 1149 4045 Ξ,
1187 3980 1272 4031 65.
1308 3997 1420 4045 sqq.
1445 3981 1573 4030 Gell.
1598 3980 1751 4045 1,12‚
1770 3979 1904 4028 Plus.
1928 3976 1981 4025 in
1999 3975 2196 4026 Numa.
2218 4003 2282 4015 —
2300 3975 2479 4041 2)1.iv.
2504 3977 2555 4041 1,
2574 3977 2658 4045 20,

629 4103 689 4115 --
708 4072 760 4141 ὅ)
779 4075 913 4123 Suet.
945 4074 1102 4123 Doni.
1130 4073 1193 4121 V.
1220 4072 1368 4137 Kipp.
1386 4088 1438 4136 p.
1460 4071 1574 4122 240.
1599 4100 1656 4110 —
1688 4070 1741 4138 4)
1774 4069 1850 4119 Cf.
1873 4066 2000 4116 Gelt.
2028 4065 2076 4131 1,
2104 4065 2184 4118 12.
2203 4094 2266 4108 —-
2292 4068 2346 4132 5>
2367 4068 2443 4118 Cf.
2469 4068 2573 4118 Cic.
2599 4070 2663 4120 do
