3111 4829
1289 440 1538 532 (187)

406 575 679 641 videatur
706 626 723 660 ,
756 599 869 642 nec
889 598 1046 664 equo
1076 579 1206 641 sine
1231 579 1440 662 populi
1466 575 1843 666 consensu9)
1877 579 2218 666 ;denique,
2242 581 2426 644 abdi-

397 702 531 755 cato
553 713 834 774 munere,
854 691 933 756 ad
954 689 1329 755 reddendam
1345 693 1570 776 populo
1582 692 1880 756 rationem
1907 693 2104 757 vocari
2132 695 2430 778 potuisse‚2

401 826 611 869 vereor
633 854 650 887 ‚
697 826 779 868 ne
815 805 977 869 male
1001 852 1019 887 ,
1056 805 1358 890 colligunt
1385 826 1456 869 ox
1484 804 1613 868 Liv.
1644 804 1765 873 VII
1788 853 1806 889 ,
1840 808 1900 870 4.

472 917 522 981 1)
547 917 621 966 cr.
646 917 822 982 poiyb.
848 918 907 983 5,
933 917 1016 967 87.
1035 946 1096 955 -
1118 918 1170 982 2)
1195 919 1270 966 cr.
1288 919 1487 983 many..
1505 918 1567 981 5,
1589 919 1674 968 70.
1698 944 1761 958 -
1782 918 1835 984 5)
1859 918 1966 972 Liv.
1992 920 2024 968 6
2045 956 2061 982 ‚
2085 920 2149 969 39
2165 954 2185 983 ,
2202 919 2263 983 s,
2286 920 2352 969 55
2373 926 2427 970 οι

396 1007 481 1056 54.
494 1032 558 1046 -
574 1008 625 1071 4)
651 1006 825 1073 Polyb.
841 1007 873 1056 3
892 1045 908 1070 ‚
924 1006 1008 1057 78.
1026 1035 1090 1045 -
1106 1007 1158 1069 5)
1188 1008 1263 1056 cf.
1286 1007 1392 1055 mv.
1416 1007 1446 1055 7
1465 1042 1482 1072 ,
1496 1008 1557 1070 3,
1581 1007 1712 1056 mut.
1737 1007 1879 1057 cam.
1904 1007 1969 1056 59
1989 1043 2006 1070 ‚
2031 1008 2202 1056 erem.
2236 1006 2422 1075 §.162

396 1123 461 1134 —
489 1098 542 1158 6>
565 1099 626 1146 In
645 1102 836 1162 optima
858 1100 953 1147 lex.
971 1125 1035 1137 —
1054 1098 1107 1164 7)
1131 1098 1162 1147 8
1184 1135 1201 1163 ,
1224 1098 1307 1147 35.
1328 1124 1392 1137 -
1413 1098 1466 1161 8)
1493 1097 1569 1146 Cf.
1597 1096 1771 1147 Creuz.
1797 1095 1980 1166 §.162
2015 1098 2417 1163 interrogantem.

395 1211 465 1227 -—
485 1187 539 1254 9)
560 1189 622 1237 V.
639 1189 746 1238 Liv.
767 1190 832 1238 23
850 1189 973 1254 ,14

488 1307 639 1371 203.
667 1308 890 1371 Praeter
925 1317 1260 1372 memorata
1284 1306 1361 1370 de
1389 1307 1699 1371 Dictatore
1726 1304 1859 1370 haec
1899 1304 2163 1371 notanda
2191 1328 2420 1391 super—

397 1432 556 1486 sunt.
600 1421 732 1485 Non
765 1422 976 1506 populi
1017 1421 1316 1506 suffragiis
1339 1470 1356 1503 ‚
1395 1419 1500 1483 sed
1519 1442 1558 1484 a
1587 1430 1801 1483 senatu
1825 1425 1853 1483 1
1884 1416 1910 1506 )
1939 1468 1957 1503 ‚
1985 1430 2113 1504 post
2135 1421 2213 1483 ab
2233 1421 2422 1485 altero

395 1534 719 1598 consulum
746 1529 855 1618 2),
878 1532 1066 1617 captis
1094 1533 1379 1617 auspiciis
1405 1581 1421 1614 ,
1450 1544 1631 1595 nocte
1652 1532 1914 1596 silentio
1942 1534 2262 1598 creabatur
2298 1535 2419 1597 sive

394 1645 711 1710 dicebatur
743 1644 844 1733 3).
901 1647 1038 1712 Dici
1078 1656 1312 1731 poterat
1362 1654 1525 1710 extra
1571 1645 1826 1728 urbem,
1854 1668 1979 1710 non
2012 1657 2178 1718 extra
2198 1667 2418 1730 agrum

392 1762 747 1825 Romanum
774 1764 810 1823 4
829 1757 876 1848 ).
910 1760 1251 1845 Imperium
1283 1760 1562 1847 plerique
1585 1759 1795 1845 paucis
1819 1757 2069 1842 (liebus,
2094 1758 2315 1841 rebus,
2340 1759 2421 1822 ob

391 1897 543 1961 quas
584 1876 811 1958 creati,
833 1874 1218 1961 compositiS,
1257 1886 1639 1960 posuerunt3
1676 1897 1840 1939 unus
1872 1875 2165 1941 Camillus
2180 1896 2418 1939 annum

392 1989 595 2053 tenuit
627 1985 720 2076 5.)
750 1989 1026 2076 Insignia
1046 1988 1259 2054 eadem
1280 2039 1298 2075 ,
1320 2012 1459 2077 quae
1493 1991 1806 2072 Consulis,
1837 1989 1943 2053 sed
1966 1989 2211 2074 duplice
2249 1990 2419 2053 licto-

394 2124 535 2166 rum
601 2125 882 2168 numero.
945 2106 1254 2168 Postremo
1298 2104 1595 2168 libertatis
1653 2104 1874 2168 saeculo
1934 2102 2234 2168 dictatura
2292 2115 2424 2188 post

397 2218 654 2303 longum
684 2218 1074 2281 intervallum
1119 2214 1206 2304 6)
1236 2264 1254 2299 ,
1283 2218 1536 2281 nomine
1588 2217 1825 2303 magis,
1870 2238 2059 2302 quam
2104 2239 2174 2281 ex
2218 2227 2423 2280 vetere

395 2329 675 2394 instituto
697 2377 714 2411 ‚
764 2341 1047 2408 renovata
1116 2340 1205 2393 est
1268 2352 1305 2394 a
1359 2331 1542 2396 Corn.
1615 2330 1780 2418 sylla
1823 2339 1886 2393 et
1929 2329 2094 2394 Julio
2147 2329 2382 2394 Caesare
2400 2378 2418 2413 ,

402 2443 813 2509 Dictatoribus
840 2445 1170 2529 perpetuis,

469 2580 518 2646 1)
543 2582 649 2629 nv.
673 2582 732 2645 2,
758 2582 844 2645 30,
868 2566 2417 2649 5,96.--2)1.iv.9,58.cs.22‚8.÷-3)Diony·.1o,25‚

398 2672 504 2720 Liv.
522 2671 553 2720 8
571 2708 586 2733 ,
612 2673 695 2721 23.
722 2671 799 2720 Cf.
820 2672 932 2721 id.9
958 2673 1055 2736 ‚58
1082 2710 1098 2737 ‚
1131 2680 1182 2723 et
1202 2675 1335 2723 Fest.
1357 2674 1409 2723 in
1422 2675 1712 2723 finiamus.
1729 2673 1793 2723 V.
1819 2671 1995 2724 Crouz.
2019 2672 2064 2743 §.
2088 2674 2200 2725 161.
2221 2685 2275 2732 ι).
2304 2670 2417 2722 175.

401 2787 462 2799 ·—
489 2763 541 2827 4)
570 2760 877 2827 cs.Liv.27‚
901 2763 953 2812 5.
974 2791 1037 2803 -
1061 2764 1114 2830 5)
1134 2764 1240 2813 Liv.
1261 2765 1396 2830 6,1.
1427 2791 1484 2804 -
1519 2765 1592 2828 θ)
1624 2765 1699 2814 Cf.
1722 2764 1853 2815 vell.
1891 2765 1960 2830 2,
1995 2764 2078 2814 28.

726 2901 1040 2944 uacrsrssn
1085 2903 1359 2958 nomi-11³1
1402 2898 1480 2944 nr
1525 2900 1887 2945 rannerus
1922 2901 2091 2943 unm.

491 2993 641 3058 204.
690 2993 976 3078 Magister
1004 2994 1304 3079 Equitum
1327 2992 1647 3058 dicebatur
1675 3016 1711 3058 a
1739 2993 2050 3058 Dictatore
2085 2989 2186 3078 1),
2210 2994 2420 3056 inter-

402 3106 553 3172 dum
596 3120 804 3172 tamen
833 3130 871 3172 a
924 3118 1137 3171 senatu
1186 3118 1294 3171 aut
1332 3107 1558 3193 populo
1602 3104 1847 3170 additus
1884 3108 1970 3188 2).
2021 3105 2246 3168 Munus
2288 3106 2424 3188 ejus

403 3222 702 3308 equitatui
732 3243 987 3308 praeesse
1018 3232 1079 3284 ct
1100 3220 1421 3285 Dictatoris
1441 3221 1610 3305 jussa
1634 3220 1875 3306 exequi.
1905 3219 2070 3283 Hinc
2084 3218 2422 3282 similitudo

404 3358 548 3400 cum
577 3336 852 3400 Tribuno
897 3334 1177 3400 Celerum
1226 3333 1253 3425 (
1273 3333 1530 3418 5135.
1566 3331 1590 3421 )
1618 3382 1635 3416 ,
1680 3345 1743 3399 et
1796 3333 2089 3397 Praefecto
2136 3333 2425 3397 Praetorio

405 3448 431 3538 (
463 3454 521 3537 §.
552 3454 700 3515 225.
726 3447 787 3533 );
829 3459 1134 3535 quatenus
1180 3449 1284 3513 ille
1308 3497 1325 3531 ‚
1365 3449 1551 3535 regiae
1579 3446 1844 3512 cohortis
1871 3447 1995 3511 (lux
2029 3495 2047 3530 ,
2082 3448 2355 3531 primum
2384 3470 2419 3511 a

404 3562 580 3648 Rege
599 3563 666 3626 in
691 3562 1005 3648 republica
1032 3562 1236 3628 locum
1261 3563 1528 3626 tenuisse
1567 3570 1851 3627 narratur
1874 3557 1983 3646 3),
2018 3561 2122 3625 hic
2148 3610 2165 3642 ,
2207 3561 2422 3645 impe-

406 3677 641 3742 ratoriae
666 3677 929 3743 cohortis
959 3676 1116 3759 dux,
1161 3677 1436 3762 primum
1456 3676 1535 3741 ab
1563 3677 1938 3762 Imperatore
1963 3675 2163 3739 tenuit
2192 3676 2279 3760 4).
2305 3675 2424 3737 ¹In·-

405 3790 600 3876 signia
622 3791 892 3879 Magistri
912 3791 1211 3879 Equitum
1236 3788 1453 3855 eadem
1483 3809 1624 3875 quae
1642 3788 1921 3852 Praetoris
1941 3788 2253 3863 feruntur.

493 3906 823 3973 Praefectus
840 3906 990 3972 Urbi
1020 3903 1285 3996 (Urbis)
1317 3902 1583 4003 absentis
1607 3902 1802 3988 Regis
1822 3950 1839 3985 ,
1873 3911 2007 3987 post
2040 3902 2377 3966 Consulum
2404 3949 2421 3982 ‚

404 4028 467 4080 et
490 4019 639 4085 alias
661 4069 680 4104 ‚
737 4031 798 4083 et
823 4043 933 4107 per
977 4021 1159 4105 ferias
1203 4019 1484 4113 Latinas,
1526 4015 1697 4081 unde
1743 4017 2068 4093 Praefectus
2125 4016 2436 4080 feriarum

405 4129 762 4198 Latinarum
786 4129 887 4219 5),
934 4134 1131 4199 vicem
1169 4133 1483 4220 implevit,
1523 4142 1821 4217 postremo
1849 4130 1928 4193 ob
1976 4128 2137 4195 hanc
2183 4141 2424 4197 tantum
