3111 4829
1501 400 1749 487 (aso)

608 554 748 618 Post
776 547 972 637 gravis
1002 554 1326 611 armaturae
1356 542 1779 602 memorantur
1811 524 2049 615 gladius
2072 570 2091 607 ,
2118 530 2337 587 contus
2364 514 2470 606 4),
2498 536 2637 580 scu-

609 678 745 731 tum
772 714 788 747 ,
814 680 1006 728 ocreae
1025 709 1043 743 ,
1069 657 1292 739 lorica,
1328 649 1497 716 unde
1527 643 1806 722 loricati,
1837 635 2209 725 cataphracti
2231 683 2250 716 ,
2284 631 2601 715 iidemque
2620 676 2637 709 ,

611 804 650 846 a
689 778 964 857 clibano,
999 772 1025 864 (
1044 773 1101 857 §.
1141 763 1340 854 238.)
1375 759 1696 828 clibanarii
1737 746 2174 847 (euirauier)
2211 743 2497 831 adpellati
2528 738 2631 828 5).

611 896 784 959 Inter
812 890 957 956 levis
987 896 1309 952 armaturae
1335 877 1570 966 equites
1607 867 1901 959 sagittarii
1928 915 1945 951 ,
1976 859 2300 942 Numidas,
2331 856 2598 922 Thraces
2622 901 2641 937 ,

617 1009 965 1086 Cretenses»,
997 1012 1115 1066 etc.

681 1143 735 1208 1)
759 1142 892 1190 Fest.
915 1139 969 1186 in
994 1135 1264 1194 Troum-⁸,
1289 1137 1340 1181 et
1354 1123 1487 1180 min.
1511 1127 1577 1177 53
1596 1163 1615 1189 ,
1636 1125 1688 1174 2.
1707 1149 1767 1162 -
1792 1115 1871 1170 Cf.
1895 1118 2024 1168 Non.
2047 1130 2096 1162 c.
2121 1112 2172 1162 1.
2195 1127 2251 1159 n.
2271 1107 2388 1159 2⁴⁰.
2407 1104 2545 1164 —5›
2564 1105 2643 1154 Cf.

618 1235 777 1292 Varro
800 1245 882 1294 ap.
908 1229 1033 1276 Non.
1059 1226 1130 1274 ib.
1152 1261 1168 1287 ,
1198 1223 1335 1272 Pers.
1363 1222 1387 1271 1
1406 1256 1421 1282 ,
1445 1218 1510 1267 82
1531 1254 1546 1282 ‚
1571 1217 1685 1265 Seu.
1710 1212 1822 1277 Ep.
1859 1207 1941 1257 87.
1965 1234 2024 1243 —
2047 1203 2098 1269 ⁴)
2136 1201 2211 1249 Cf.
2246 1199 2367 1246 Tac.
2404 1197 2546 1246 Hine.
2579 1194 2603 1243 1
2627 1230 2644 1254 ‚

620 1303 854 1386 44.’-5)
888 1320 962 1368 cr.
984 1318 1092 1366 Liv.
1115 1315 1180 1365 55
1201 1353 1216 1380 ‚
1242 1314 1305 1363 48
1327 1349 1343 1376 ,
1367 1311 1460 1372 57,
1498 1309 1773 1378 40,1>r0p.
1811 1296 2113 1365 3,10‚12,
2134 1286 2645 1355 Lampr.A1eae.Sev.

619 1410 687 1465 56
705 1451 721 1478 ,
742 1409 949 1476 Eutrop.
976 1403 1046 1459 VI
1068 1446 1084 1473 ,
1119 1407 1152 1457 7
1169 1445 1185 1472 ,
1211 1405 1374 1455 Amm.
1397 1395 1665 1466 Marc-16,
1691 1393 1752 1448 10
1772 1433 1787 1462 ,
1808 1387 1934 1459 Lyd.
1957 1391 2018 1440 do
2036 1387 2307 1448 Maqistrr.
2331 1380 2356 1431 1
2379 1415 2396 1444 ,
2433 1373 2496 1429 46
2516 1414 2533 1443 ,
2556 1375 2647 1426 ubi

624 1502 924 1584 ὅλη-ωηο,
940 1549 958 1580 ‚
992 1498 1084 1548 toti
1109 1491 1257 1548 ferrei
1275 1534 1292 1562 ,
1317 1491 1574 1543 dicuntur.

1431 1671 1510 1714 DE
1555 1659 1841 1711 molon.

718 1826 871 1894 365.
918 1818 1103 1908 Legio
1146 1811 1212 1905 1)
1253 1811 1428 1880 initio
1459 1829 1701 1878 summa
1722 1853 1741 1890 ,
1781 1812 1987 1890 postea
2013 1820 2151 1885 pars
2179 1793 2495 1882 copiarum
2522 1783 2659 1854 Ro-

627 1962 956 2011 manarum
981 1987 998 2022 ,
1028 1932 1280 2000 definito
1310 1925 1605 2014 peditum·
1627 1917 2043 2006 equitumque
2079 1929 2340 1975 numero
2365 1930 2382 1990 3
2413 1901 2518 1967 sed
2545 1923 2661 1964 vo-

633 2056 926 2123 cabulum
981 2049 1057 2113 de
1108 2043 1413 2109 sociorum
1478 2054 1726 2123 quoque
1781 2042 1842 2095 et
1901 2025 2275 2116 quandoque
2336 2020 2412 2084 de
2468 2015 2663 2102 copiis

633 2170 1107 2259 quibuscunque
1155 2164 1519 2240 usurpatum
1565 2143 1867 2234 reperitur
1907 2134 1998 2230 2).
2044 2142 2352 2205 Numerus
2392 2131 2664 2220 militurn

636 2296 912 2367 tempore
939 2272 1215 2354 variavit,
1238 2267 1414 2334 initio
1441 2273 1694 2350 quater,
1724 2269 1857 2347 post
1885 2253 1964 2322 ad
1995 2254 2185 2318 sexies
2211 2250 2384 2315 mille
2403 2244 2673 2334 pedites,

638 2409 746 2464 aut
767 2393 1009 2460 medius
1038 2390 1202 2453 inter
1221 2384 1334 2449 hos
1361 2398 1702 2461 numerus;
1743 2374 1946 2459 justus
1982 2369 2293 2457 equitatus
2333 2365 2495 2428 inter
2542 2371 2673 2425 tre-

640 2518 860 2581 centos=
893 2516 954 2569 et
996 2498 1478 2590 quadringentos
1525 2490 1620 2581 3).
1663 2491 1884 2554 Forma
1918 2505 2167 2573 quoque
2194 2483 2384 2566 longe
2406 2475 2526 2542 alia
2557 2473 2673 2539 sub

642 2623 849 2688 Servio
891 2617 1091 2682 Tullio
1136 2607 1243 2701 4),
1284 2630 1473 2696 quam
1513 2602 1719 2670 media
1763 2602 2044 2666 libertate
2069 2647 2088 2684 ,
2140 2596 2260 2661 alia
2303 2594 2487 2659 etiam
2536 2598 2677 2676 post

645 2733 1052 2802 mutationem
1090 2749 1130 2791 a
1165 2723 1357 2789 Mario
1397 2720 1622 2785 factam
1673 2711 1784 2801 5).
1834 2711 2071 2778 Exinde
2117 2709 2350 2797 pedites
2394 2703 2568 2769 divisi
2608 2703 2679 2766 in

649 2849 867 2916 decem
909 2843 1185 2910 cohortes
1211 2887 1228 2922 ,
1256 2837 1471 2904 cohors
1508 2834 1576 2898 in
1618 2842 1740 2896 tres
1784 2828 2163 2913 manipulos,
2207 2819 2560 2906 manipulus
2607 2815 2681 2880 in

650 2963 804 3028 duas
826 2957 1132 3025 centurias
1176 2944 1540 3043 (ordines);
1586 2944 1824 3031 equites
1852 2989 1868 3024 ,
1898 2962 2008 3029 pro
2029 2938 2375 3004 cohortium
2419 2928 2686 3018 legionis

649 3095 951 3157 numero,
1006 3069 1076 3133 in
1128 3049 1345 3130 decem
1401 3073 1679 3140 turmaS,
1731 3067 1936 3121 turma
1985 3054 2053 3118 in
2112 3063 2313 3115 ternas
2364 3044 2688 3127 decurias,

651 3191 904 3277 triginta
926 3181 1188 3269 legionis
1207 3175 1541 3262 manipulis
1566 3169 2079 3258 respondentibus
2111 3164 2364 3231 totidem
2394 3158 2696 3225 decuriis.⁴

651 3308 772 3372 Par
819 3300 1123 3367 distinctio
1167 3294 1471 3360 sociorum
1515 3289 1616 3379 (§.
1670 3282 1906 3373 362.);
1960 3282 2064 3349 sed
2121 3278 2510 3359 cohortibus,
2560 3295 2690 3338 non

655 3417 1007 3507 legionibus
1056 3418 1484 3476 numerantur.
1534 3401 1822 3481 Eaedem,
1879 3398 1948 3462 in
1999 3396 2132 3471 acie
2183 3394 2314 3460 fere
2368 3391 2694 3478 legionum

657 3537 845 3600 latera
874 3535 1148 3615 tegentes
1165 3572 1183 3609 ,
1214 3521 1394 3587 sicuti
1415 3519 1494 3583 ob
1512 3538 1651 3583 eam
1670 3498 1918 3580 causam
1936 3508 2259 3597 legionarii
2281 3504 2517 3593 equites
2539 3552 2556 3587 ,
2579 3504 2697 3573 alae

659 3645 976 3732 adpellata}
1024 3647 1188 3702 sunt.
1233 3634 1578 3721 Legionum
1627 3626 1918 3708 nomina,
1967 3634 2187 3711 proeter
2239 3638 2620 3700 numerum,
2656 3638 2700 3682 a

661 3760 842 3825 variis
866 3754 1064 3821 causis
1089 3749 1276 3837 petita
1301 3772 1317 3813 ε
1345 3771 1381 3813 a
1405 3746 1593 3827 locis,
1638 3742 1751 3808 ubi
1793 3739 2177 3825 militabant,
2219 3744 2327 3798 aut
2379 3732 2701 3795 militave-

662 3882 802 3937 rant
828 3918 847 3952 ,
877 3879 946 3932 ut
970 3862 1306 3931 Cannensis
1326 3910 1345 3943 ,
1382 3858 1631 3924 Actiaca
1659 3852 1768 3942 6),
1795 3849 2214 3939 Hispaniensis
2239 3896 2257 3929 ,
2300 3843 2654 3909 Pannonica
2680 3866 2701 3927 3

665 4010 701 4051 a
738 3981 1016 4069 populis,
1066 3975 1234 4042 unde
1287 3976 1502 4053 lectoe,
1532 3970 1786 4034 inducto
1832 3968 1947 4031 sub
1996 3960 2333 4029 Caesaribus
2377 3979 2551 4023 more
2603 3956 2702 4046 (v.

668 4102 728 4187 §.
763 4089 992 4178 238.);
1020 4113 1055 4154 a
1076 4086 1499 4172 Principibus,
1529 4095 1598 4147 ut
1623 4083 1931 4168 Augusta,
1966 4077 2340 4161 Claudiana3
2370 4099 2407 4141 a
2438 4073 2707 4139 numine
