3111 4829
1354 399 1381 484 (
1416 396 1539 461 399
1579 397 1607 483 )

469 531 574 599 sed
595 530 896 598 bellicosis
917 529 1204 617 gentibus
1223 527 1410 595 cincti
1424 578 1443 614 ,
1467 529 1724 595 victores
1742 527 1872 594 sere
1898 547 2061 614 qnec
2084 538 2292 594 tamen
2314 529 2500 596 nimis

456 647 741 714 celeriter
761 645 1117 711 crescebant
1140 692 1159 728 ‚
1209 665 1326 709 nec
1375 654 1546 729 parta
1577 665 1649 708 ex
1677 641 1944 708 victoriis
1962 643 2278 729 opulentia
2296 643 2502 711 mores

456 760 909 847 corrumpebat.
936 758 1039 825 sic
1058 770 1294 846 postea,
1321 757 1585 824 infracto
1607 756 1794 823 etiam
1819 756 2035 822 robore
2060 805 2078 841 ,
2107 779 2253 822 cum
2283 759 2498 844 majo-

460 876 633 940 ribus
660 876 971 962 congressi
1011 874 1299 961 'gentibus
1318 921 1336 957 ,
1382 893 1654 937 numero
1694 871 1997 959 impares,
2040 873 2299 957 virtute,
2340 896 2497 940 con-

463 990 679 1056 stantia
697 1038 716 1075 ,
756 991 968 1077 patrias
1006 1001 1070 1055 et
1100 989 1395 1055 libertatis
1429 999 1639 1054 'amore
1663 987 2007 1074 superiores
2035 988 2307 1053 extitere.
2336 989 2494 1053 Nam

462 1104 718 1192 Regum
758 1106 828 1170 in
871 1103 1246 1171 moderanda
1301 1103 1544 1169 civitate
1602 1102 2023 1169 excellentiam
2083 1104 2498 1189 compensavit

460 1220 668 1284 acrius
709 1218 981 1284 emicans
1002 1267 1022 1302 ‚
1065 1219 1256 1283 semel
1305 1239 1479 1284 exosa
1524 1215 1851 1305 tyrannide
1869 1264 1891 1300 ,
1939 1215 2235 1284 libertatis
2285 1241 2458 1285 amor
2474 1271 2496 1320 9

457 1356 619 1421 quo,
663 1332 776 1398 etsi
817 1332 992 1397 initio
1035 1333 1317 1397 Porsenae
1354 1332 1576 1420 opibus
1615 1331 1830 1415 fracti,
1875 1332 2090 1397 amissa
2117 1332 2288 1398 brevi
2311 1353 2496 1400 recu-

454 1460 770 1536 perantes,
820 1447 1109 1534 deinceps
1129 1495 1148 1532 ,
1188 1471 1313 1512 nec
1346 1448 1631 1513 obstante
1657 1445 2009 1512 vehementi
2028 1446 2319 1513 ordinum
2346 1469 2498 1514 eer-

451 1563 684 1628 tamiue
713 1611 732 1648 ,
781 1575 1077 1650 perpetuo
1123 1571 1470 1628 creverunt.
1518 1563 1810 1646 Scilicet,
1861 1563 2126 1649 'integris
2173 1563 2452 1630 moribus
2471 1601 2493 1642 2

455 1674 699 1741 interna
716 1674 970 1741 ’dissidia
1000 1676 1160 1740 vires
1181 1676 1246 1739 in
1279 1684 1511 1740 exteros
1533 1674 1842 1740 acuebant
1878 1675 2077 1762 magis
2099 1694 2286 1763 qnam
2311 1678 2496 1742 {ran-

453 1788 711 1874 gebant',
730 1801 829 1873 et,
850 1789 1087 1875 patriae,
1113 1801 1302 1876 qnam
1320 1788 1612 1853 omnibus
1632 1789 2040 1874 praeferebant
2060 1839 2080 1872 ‚
2102 1791 2491 1877 periclitante

447 1902 641 1965 salute
660 1949 681 1986 ,
710 1901 1155 1968 discordiarum
1178 1902 1396 1987 obliti,
1436 1900 1950 1969 formidabiliores
1977 1902 2048 1968 in
2070 1902 2310 1969 hostem
2330 1926 2497 1969 con·-

454 2012 879 2101 jungebantur
915 2011 1004 2103 1).

524 2145 578 2214 1)
594 2149 678 2199 ffl'.
703 2150 847 2199 flor.
872 2149 897 2199 1
916 2179 934 2214 ‚
967 2149 1063 2215 26,
1094 2142 1341 2215 Inmqiao
1360 2150 1661 2201 &aemio
1684 2151 1889 2200 nullius
1908 2153 2082 2201 acrior
2105 2159 2303 2218 emtas,
2337 2167 2494 2218 quam

457 2238 708 2289 libes-talia
718 2239 863 2302 suit}
881 2240 1133 2304 nullaque
1154 2241 1214 2289 δυ
1230 2240 1460 2304 proriam
1475 2239 1589 2302 ojus
1605 2241 1779 2304 potuit
1797 2240 2069 2304 largicione
2085 2244 2375 2308 corrumpi,
2393 2248 2493 2293 etc.

546 2379 697 2446 399.
744 2377 964 2466 Itaque
996 2377 1203 2465 Reges
1244 2388 1479 2443 mactes
1518 2376 1637 2444 tria
1685 2387 2036 2465 sequuntur
2077 2373 2495 2466 putcherfima

456 2494 675 2560 saecula
690 2544 707 2579 ,
731 2492 971 2559 virtutis
990 2510 1366 2587 morumque
1386 2480 1633 2580 magnis
1662 2493 1955 2578 exemplis
1975 2494 2262 2560 foecunda
2280 2544 2298 2580 ‚
2317 2497 2496 2584 q'ueis

461 2594 693 2696 singuli
734 2608 849 2674 viri
887 2607 1195 2695 hodieque
1234 2608 1628 2673 ¹celebrantur
1653 2656 1672 2692 ,
1719 2606 1953 2673 Brutus
1975 2655 1993 2691 ,
2035 2600 2321 2677 Valerius
2368 2612 2502 2676 Pu-

462 2720 725 2806 blicola,
755 2720 1059 2804 'Quintius
1078 2721 1533 2805 Cincinnatus,
1562 2721 1738 2786 Decii
1765 2770 1784 2806 ‚
1818 2721 2082 2786 Manlius
2118 2723 2461 2811 Torquatus
2482 2775 2501 2811 ,

464 2831 761 2898 Camillus
787 2880 806 2917 ‚
839 2832 1154 2898 Fabricius
1173 2880 1192 2915 ,
1234 2831 1499 2916 Curius,
1524 2832 1807 2919 Regulus
1825 2877 1845 2915 ,
1880 2831 1989 2896 alii
2018 2828 2105 2919 1).
2127 2833 2251 2899 sed
2270 2857 2504 2900 eorun-

463 2951 607 3015 dem
641 2949 962 3035 splendore
983 2948 1145 3034 capti
1165 2949 1532 3013 recentiores
1559 2947 1839 3034 plerique
1871 2947 2196 3032 scriptores
2217 2995 2235 3031 ,
2260 2950 2504 3015 Roma-

465 3084 692 3127 norum
715 3061 881 3124 illins
902 3059 1093 3124 astatis
1109 3059 1271 3124 vitiis
1290 3061 1531 3143 minus,
1551 3078 1743 3146 quam
1765 3058 2055 3144 decebat,
2078 3060 2498 3130 offenduntur.

465 3177 545 3242 lu
560 3174 657 3239 his
674 3173 906 3238 eminet
924 3171 1185 3238 laudatae
1202 3171 1542 3261 frugalitati
1563 3194 1710 3236 sane
1733 3170 2129 3238 vehementer
2153 3196 2505 3263 repugnans

468 3287 788 3355 i'oenerafio
809 3334 828 3370 ‚
872 3304 1197 3374 nunqnam
1238 3302 1365 3351 non
1411 3286 1479 3350 in
1525 3285 1812 3373 gravibus
1842 3288 2273 3354 Romanorum
2294 3291 2456 3355 vitiis
2481 3340 2500 3376 ,

469 3402 575 3469 sed
640 3400 985 3487 turpissima
1049 3399 1263 3487 primis
1327 3411 1461 3487 post
1515 3400 1725 3487 Reges
1785 3413 2021 3467 exactos
2086 3405 2465 3490 temporibus
2481 3453 2501 3489 ,

468 3530 732 3604 tumque
771 3513 1158 3601 ‘plebejorum
1203 3512 1406 3579 ordini
1428 3562 1447 3597 ‚
1499 3515 1730 3580 seriore
1761 3526 1972 3581 autem
1999 3518 2328 3601 provinciis
2360 3520 2504 3585 exi-

469 3633 617 3696 tiosa
666 3628 760 3720 (5.
803 3624 1001 3717 265.)
1030 3627 1238 3711 Quam
1280 3626 1535 3714 quidem
1572 3628 1721 3694 olim
1761 3628 2304 3697 intolerabiliorem
2343 3632 2502 3698 red-

473 3743 696 3827 debat,
738 3742 852 3808 etsi
881 3742 1020 3830 lege
1061 3740 1354 3829 permissa
1379 3790 1398 3827 ‚
1442 3741 1694 3808 infamis
1721 3743 1789 3808 in
1822 3744 2115 3811 obaeratos
2131 3746 2458 3814 crudelitas
2481 3797 2501 3833 ,

472 3856 689 3926 eadem
740 3868 948 3931 tamen
996 3854 1356 3942 asperrimos
1399 3856 1569 3921 illius
1610 3858 1802 3923 aetatis
1845 3880 2052 3925 mores
2091 3860 2501 3928 consideranti

474 3972 684 4037 minus
720 3971 1022 4037 miranda.
1067 3971 1272 4058 Ipsam
1316 3993 1456 4036 vero
1491 3969 1655 4037 hanc
1686 3974 2071 4060 asperitatem
2094 3978 2455 4063 exprobrare
2480 4027 2499 4063 ,

474 4088 658 4172 atque
678 4084 745 4148 in
767 4084 1022 4152 rudibus
1043 4084 1310 4172 ingeniis
1330 4106 1404 4151 ea
1421 4083 1797 4175 desiderare,
1818 4109 1957 4175 quae
1974 4090 2153 4154 cultis
2174 4093 2499 4181 politisque
