3111 4829
1317 404 1345 485 (
1386 403 1500 465 ιιι
1546 403 1570 486 )

428 538 806 608 contrarium
851 534 961 627 (27)
1006 532 1264 601 suadere
1298 533 1583 600 videatur
1610 536 1758 621 XX,
1798 539 1839 601 8
1864 583 1883 619 ,
1913 536 2026 600 ubi
2053 536 2451 624 latinu-eju-

425 656 675 720 m'amu
728 662 792 715 et
836 651 1124 739 familiae
1180 660 1383 715 emtor
1399 696 1427 727 ,
1480 661 1546 713 et
1593 652 1777 715 testie
1829 660 1895 714 et
1943 648 2263 749 libripens
2301 652 2457 738 fieri

418 778 676 857 potest,
714 767 1023 854 quoniam
1051 785 1202 828 eum
1239 785 1310 828 eo
1339 764 1712 828 testamenti
1735 763 1941 850 factio
1969 773 2104 841 θοις
2137 761 2304 828 unde
2329 762 2457 829 he-

431 879 643 946 redem
688 900 937 967 quoque
971 901 1009 944 a
1049 868 1181 942 cive
1220 878 1502 942 Romano
1539 873 1726 941 scribi
1760 875 2024 962 potuisse
2064 873 2296 940 diceres
2342 874 2456 963 4);

429 992 534 1059 cui
575 1013 692 1057 nec
737 1001 1039 1079 repugnat
1062 985 1277 1074 XXII,
1310 994 1375 1056 3.
1416 986 1507 1078 5).
1550 991 1895 1077 Utrumque
1921 989 2133 1055 Latino
2165 990 2440 1055 tribuens

434 1102 736 1193 savigny,
765 1105 1149 1223 exceptiones
1162 1107 1385 1170 tamen
1412 1102 1704 1171 admittit.

498 1258 1395 1333 1)App'.85.....,0582u13169
1418 1264 1547 1315 Gen.
1573 1264 1817 1330 1⁰‚.—5
1756 1264 2010 1331 2—)cf.
2044 1264 2150 1314 Cic.
2179 1265 2456 1330 Brue.‚26

428 1371 489 1422 p
512 1352 2463 1421 Sese-13.3—-)Ulp.Fm9mm.5,4,connubiumbabentciresRomani
2491 1386 2498 1391 e

432 1460 550 1495 cum
573 1446 769 1496 cavam
784 1444 1033 1495 Romanu
1044 1464 1065 1505 ,-
1085 1460 1205 1495 cum
1218 1445 1419 1495 Latina
1436 1450 1609 1493 auum
1623 1450 1671 1492 et
1680 1445 1967 1509 per-equinis
1985 1447 2059 1493 ita
2067 1478 2086 1507 ,
2108 1446 2158 1493 ei
2169 1460 2460 1495 concessum

433 1536 520 1583 sie.
543 1562 605 1572 —
625 1533 689 1601 4)
712 1533 789 1583 Cf.
823 1535 941 1600 mp.
963 1535 1058 1599 22,
1084 1534 1107 1583 1
1128 1568 1144 1597 ‚
1169 1534 1371 1583 heredes
1399 1533 1611 1582 institui
1632 1539 1882 1597 possunt,
1916 1535 2013 1597 qui
2041 1536 2323 1583 testamenti
2342 1533 2458 1596 fac-

436 1626 624 1673 tionem
643 1640 762 1673 cum
788 1630 1017 1673 tutam
1047 1623 1250 1673 habent.
1268 1622 1410 1689 -5)
1454 1621 1657 1671 Latinus
1689 1620 1932 1671 Juniauus
1952 1656 1969 1683 ‚
2003 1623 2253 1685 siquidem
2284 1625 2461 1675 mortis

433 1720 684 1768 anemoria
717 1723 935 1782 temporo
947 1750 969 1782 ‚
1000 1716 1082 1766 vel
1117 1718 1258 1766 intra
1285 1717 1419 1765 diem
1448 1717 1689 1764 cretionis
1701 1748 1721 1778 ,
1753 1715 1879 1763 civis
1910 1712 2180 1762 Romamn
2200 1715 2295 1777 eit,
2319 1714 2460 1762 heros

435 1823 541 1856 me
567 1814 746 1873 potest.
772 1808 927 1872 Quod
960 1810 1014 1857 εἰ
1037 1805 1261 1857 Lanam
1293 1808 1542 1857 manserit
1552 1838 1574 1871 ,
1607 1806 1714 1869 1090
1742 1803 1913 1855 Iunia
1939 1819 2117 1872 capere
2138 1803 2459 1853 mmm

432 1882 746 1962 juvenebatur.
770 1897 846 1946 cf.
864 1896 1012 1947 nain.
1034 1898 1175 1962 App.
1194 1895 1280 1946 87.

528 2037 674 2104 126.
725 2036 1183 2103 Commercium
1228 2047 1439 2103 autem
1473 2035 1701 2101 Latinis
1745 2036 1966 2117 fuisse,
2019 2056 2143 2099 non
2193 2033 2456 2099 obscure

439 2170 556 2215 nec
591 2169 719 2214 uno
747 2160 1025 2214 veterum
1052 2148 1399 2214 testimonio
1429 2148 1833 2214 confirmatur
1871 2144 1970 2233 1).
2006 2147 2252 2211 Auxilia
2282 2145 2359 2233 2)
2399 2158 2459 2210 et

438 2262 742 2326 tributum
768 2260 994 2347 populo
1015 2261 1331 2341 Romano,
1381 2269 1454 2322 ut
1492 2280 1708 2323 omnes
1747 2259 1927 2342 socii,
1969 2281 2042 2323 ex
2079 2258 2308 2324 foedere
2338 2259 2463 2324 de·-

436 2373 669 2440 bebant
700 2372 931 2458 Latini3
971 2370 1078 2437 sed
1103 2370 1297 2436 levius
1324 2371 1508 2437 fuisse
1537 2370 1840 2437 tributum
1864 2422 1881 2455 ,
1922 2372 2140 2460 utique
2169 2371 2466 2439 credibile

438 2496 533 2551 est
574 2483 676 2572 3).
720 2485 1185 2571 magistratuum
1228 2484 1562 2571 liheraeque
1602 2485 1957 2573 reipublicae
1997 2486 2211 2553 eadem
2232 2537 2251 2573 ,
2296 2499 2464 2553 certe

438 2599 656 2664 similis
697 2609 883 2685 atque
918 2598 987 2662 in
1017 2599 1250 2663 caeteris
1287 2599 1464 2664 sociis
1500 2599 1677 2666 ratio.
1717 2600 1844 2665 Nec
1887 2601 2083 2687 magis
2116 2602 2182 2666 in
2219 2602 2466 2688 privatis

437 2711 624 2779 rebus
676 2711 953 2777 interne
975 2760 994 2796 ,
1049 2722 1336 2799 extraque
1387 2734 1616 2777 nexum
1669 2735 1819 2778 cum
1870 2716 2097 2801 populo
2143 2718 2466 2799 Romano,

437 2825 832 2910 ordinandis,
859 2826 1029 2892 velut
1064 2826 1132 2891 in
1175 2826 1353 2892 bonis
1397 2826 1772 2912 alienandis,
1816 2828 1884 2892 iu
1916 2830 2363 2915 contractibus,
2399 2833 2468 2895 in

434 2938 717 3025 judiciis,
747 2939 990 3026 legibus
1009 2940 1307 3006 Romanis
1335 2939 1428 3005 uli
1456 2940 1867 3028 cogebantur,
1901 2941 1952 3005 si
1978 2953 2188 3008 tamen
2207 2944 2469 3028 vellent,

443 3074 572 3117 non
613 3051 897 3141 impediti
936 3048 1015 3138 4)
1060 3052 1312 3139 quidem
1336 3101 1353 3136 ,
1399 3052 1504 3117 sed
1548 3075 1666 3118 nec
1696 3053 2038 3141 quidquam
2073 3077 2151 3120 eo
2188 3055 2318 3139 juri
2361 3078 2471 3121 suo

397 3251 410 3264 ·
446 3164 734 3230 addentes
754 3215 772 3250 ,
804 3165 923 3230 nisi
944 3214 962 3249 ,
1005 3165 1207 3231 oblata
1236 3187 1380 3231 cum
1420 3167 1663 3252 le‘gibus
1690 3167 1931 3233 civitate
1956 3217 1974 3251 ,
2012 3167 2191 3233 fundi
2220 3168 2365 3234 facti
2386 3217 2404 3253 ,
2437 3191 2473 3233 e

445 3277 672 3343 Latinis
698 3279 1045 3367 municipes
1066 3279 1304 3347 fierent.
1330 3282 1791 3347 Provinciarum
1809 3282 2046 3368 Latini,
2087 3283 2209 3348 sive
2242 3283 2309 3348 iu
2341 3284 2475 3349 aliis

443 3392 793 3458 civitatibus
812 3440 831 3476 ,
880 3393 1004 3458 nive
1034 3395 1330 3459 colonarii
1354 3445 1373 3480 ,
1414 3395 1481 3459 in
1518 3397 1860 3462 numerosis
1886 3397 2142 3462 coloniis
2172 3395 2291 3485 5),
2322 3398 2473 3482 jure

444 3505 600 3570 Latii
638 3504 910 3591 donatis,
959 3528 1106 3572 cum
1149 3506 1437 3573 omnibus
1473 3508 1764 3596 ingenuis
1793 3510 2050 3594 Imperii
2103 3509 2322 3574 incolis
2369 3510 2475 3574 ci-

445 3619 693 3685 vitatem
756 3621 1067 3687 consecuti
1092 3669 1111 3704 ‚
1163 3606 1592 3708 superantibus
1664 3621 1803 3686 exin
1877 3620 2126 3685 nonnisi
2193 3620 2476 3686 Junianis

453 3733 553 3821 (§.
588 3730 737 3822 63.)
762 3735 1000 3820 Latini,
1026 3736 1253 3801 civitati
1278 3737 1575 3801 Romanae
1605 3737 1767 3801 inter
1799 3714 2156 3823 peregrinos
2179 3736 2473 3824 proximi,

449 3857 746 3914 caeterum
794 3871 912 3914 nec
954 3850 1071 3937 ipsi
1110 3872 1324 3916 omnes
1356 3849 1503 3933 jure
1561 3871 1808 3936 prorsus
1857 3850 2080 3937 aequati
2130 3845 2253 3937 6),
2297 3853 2476 3918 variis

448 3960 648 4026 modis
668 3962 828 4028 cives
849 3962 1077 4029 fiebant
1099 4014 1117 4049 ,
1159 3966 1225 4030 in
1260 3964 1487 4052 quibus
1526 3963 1639 4054 7),
1682 3964 1733 4028 si
1763 3966 2024 4032 Romam
2055 3967 2330 4055 migrans
2357 3968 2476 4032 La-

449 4072 621 4138 tinus
643 4074 891 4162 stirpem
913 4098 984 4142 ex
1008 4099 1133 4145 sese
1156 4078 1323 4144 domi
1343 4077 1717 4167 relinqueret
1738 4101 1757 4164 ;
1795 4079 1841 4144 si
1875 4092 2212 4148 senatorem
2241 4082 2477 4148 Roma-
