3111 4829
1540 427 1567 510 (
1603 425 1685 487 38
1722 427 1749 511 )

653 565 747 639 et,
785 552 974 646 quod:
993 555 1217 621 rectius
1243 567 1391 644 puto
1416 606 1434 642 ,
1475 556 1554 624 ab
1580 544 1843 644 aesculis,
1870 560 2097 649 quibus
2127 562 2275 627 olim
2310 560 2647 650 tegebatur.

649 668 829 735 Nunc
872 670 1112 736 Palatiis
1137 674 1520 761 {templisque
1560 672 1836 761 insignis.
2194 695 2198 698 ’
2527 736 2530 743 .

739 784 1064 852 viminalis
1083 836 1100 871 ,
1121 788 1282 852 inter
1308 788 1696 875 Esquilinum
1718 802 1779 855 et
1800 790 2184 872 Quirinalem
2209 843 2228 877 ‚
2257 792 2457 859 dictus
2478 804 2657 879 puta·-

649 912 752 964 tur
787 922 824 964 a
866 901 1196 966 viminibus
1236 905 1342 989 6),
1399 904 1489 967 vel
1525 926 1563 968 a
1600 905 1746 969 Jove
1787 906 2106 991 Vinssneo,
2157 928 2344 993 quem
2379 908 2579 992 potius
2620 930 2656 971 a

652 1014 1131 1103 monte-dictum
1156 1014 1450 1083 crederes,
2203 1024 2210 1031 ’
2476 1006 2484 1015 ’

737 1127 1071 1207 Quirinalis
1091 1128 1385 1196 Viminali
1406 1153 1441 1195 a
1463 1132 1922 1218 septentrione,
1956 1133 2035 1199 ab
2055 1132 2306 1197 Oriente
2324 1132 2403 1197 ad
2426 1132 2655 1198 moenia

597 1284 601 1288 »
644 1240 975 1327 pertinens.
999 1242 1183 1307 Hunc
1204 1243 1308 1308 alii
1343 1267 1380 1309 a
1409 1243 1779 1326 Curetibus(
1803 1271 1839 1312 e
1878 1246 2176 1330 Curibus,
2205 1246 2427 1334 oppido
2472 1248 2656 1312 Sabi-

648 1374 875 1419 norum
897 1354 924 1434 )
950 1404 968 1439 ,
993 1357 1152 1423 aliia
1180 1357 1441 1438 Quirino
1465 1366 1487 1442 (
1509 1383 1562 1425 v.
1591 1362 1649 1447 §.
1677 1362 1828 1426 286.
1855 1360 2135 1449 )dictum
2188 1361 2428 1443 volunt,
2470 1359 2654 1445 cujus

648 1467 718 1531 in
767 1490 839 1532 eo
880 1470 1180 1555 templum
1206 1495 1223 1553 ;
1273 1471 1442 1536 unde
1484 1484 1545 1538 et
1598 1475 1768 1539 collis
1808 1470 2056 1557 Quirini
2112 1487 2369 1542 vocatus.
2417 1479 2482 1565 7)
2524 1476 2651 1540 Nec

645 1578 867 1645 desunt
888 1582 995 1668 qui
1016 1583 1191 1648 aliter
1213 1584 1567 1670 conjiciant.
1607 1588 1972 1677 Antiquiora
2004 1592 2254 1667 nomina
2278 1589 2557 1676 Agonius
2580 1600 2643 1653 et

649 1693 939 1760 collinus.
965 1695 1160 1761 Hodie
1180 1697 1258 1761 ab
1280 1700 1452 1785 equis
1473 1699 1636 1765 binis
1668 1703 1935 1789 antiquis
1956 1702 2174 1769 Monte
2222 1703 2406 1769 Cava
2416 1704 2502 1769 llo
2525 1702 2654 1768 ad—

647 1809 929 1895 pellatur.

710 2002 763 2068 1)
780 2000 825 2072 ς.
844 2003 926 2054 21.
943 2002 1018 2053 Cf.
1039 2002 1144 2053 Cic.
1175 2002 1452 2069 deRmubl.
1475 2004 1535 2069 2,
1563 2004 1625 2056 18
1644 2004 1677 2070 ‚'
1693 2006 1819 2055 Gell.
1843 1983 1906 2057 13
1923 2042 1938 2069 ‚
1975 2007 2056 2070 14,
2078 2007 2183 2056 Liv.
2211 2008 2234 2058 1
2260 2044 2275 2071 ,
2311 2006 2396 2056 88.
2416 2032 2477 2043 -—
2493 2004 2546 2070 2)
2563 2004 2640 2055 Cf.

644 2095 778 2153 Fert.
795 2096 848 2144 in
863 2095 1105 2144 Mur-cicc.
1127 2122 1187 2132 —
1207 2096 1239 2145 3
1280 2095 1342 2142 V.
1360 2096 1516 2145 Varro
1531 2096 1583 2146 4.
1615 2112 1667 2161 p.
1687 2094 1789 2159 1⁴„
1821 2097 1957 2145 Serv.
1979 2098 2041 2145 ad
2073 2097 2195 2147 AEn.
2215 2096 2251 2144 ⁷
2268 2134 2284 2160 ‚
2303 2094 2419 2145 657.
2440 2125 2500 2135 —
2517 2099 2569 2161 4)
2589 2099 2653 2147 V.

642 2186 786 2234 Hart-
812 2182 1021 2247 1218,
1044 2183 1096 2233 δ.
1133 2211 1193 2221 -
1262 2184 1361 2243 W.
1383 2186 1539 2234 Varro
1562 2185 1623 2234 de
1641 2184 1704 2233 L.
1723 2183 1821 2234 LA
1848 2220 1860 2233 .
1881 2201 1931 2249 p.
1955 2184 2017 2235 12
2037 2190 2088 2232 et
2109 2183 2190 2234 16.
2226 2212 2285 2223 --
2305 2184 2446 2250 6)Cl'.
2470 2185 2652 2234 Juven.

641 2274 704 2340 5,
725 2274 786 2324 71
812 2311 829 2340 ,
875 2274 1147 2339 Esquiliae
1180 2276 1468 2340 dictumque
1494 2282 1681 2339 petunt
1716 2290 1750 2324 a
1780 2278 1968 2324 vimine
1998 2275 2189 2325 collem
2215 2272 2292 2323 Cf.
2316 2274 2473 2323 Varro
2494 2289 2546 2339 p.
2571 2275 2654 2324 15.

646 2391 707 2401 —
731 2363 786 2429 7)
820 2363 939 2413 Hor.
959 2362 1156 2428 Epa,
1202 2364 1272 2430 2,
1295 2363 1394 2430 ⁶8,
1440 2365 1703 2416 Gabatha
1725 2368 1784 2414 in
1806 2367 1928 2417 colle
1952 2365 2206 2432 Quirini,
2247 2365 2332 2416 Mc
2360 2370 2574 2428 nmo
2597 2368 2658 2416 in

643 2456 911 2505 Aventino.

735 2600 840 2661 44.
888 2596 988 2659 Ab
1023 2598 1353 2661 Aureliano
1393 2583 1755 2683 imperatore
1795 2597 2047 2662 demum
2091 2597 2398 2661 moenibus
2433 2598 2657 2662 inclusi

644 2709 814 2774 collis
852 2709 1253 2773 Hortulorum
1277 2758 1296 2793 ,
1338 2720 1399 2774 et
1440 2733 1477 2775 a
1517 2708 1757 2774 dextera
1799 2709 2033 2774 Tiberis
2073 2709 2171 2773 siti
2214 2708 2546 2776 Vaticanus
2595 2722 2659 2773 et

646 2799 1024 2888 Janiculum.

733 2935 918 3000 Collis
944 2937 1342 3004 Hortulorum
1365 2983 1383 3019 ,
1411 2936 1574 3030 inter
1596 2934 1986 3016 Quirinalem
2011 2945 2073 3000 et
2094 2935 2322 3000 moenia
2368 2935 2660 3001 Aurelia-

641 3072 758 3115 nea
783 3099 802 3134 ‚
823 3049 902 3115 ab
923 3048 1112 3115 hortis
1146 3049 1523 3114 sallustianis
1548 3099 1567 3134 ‚
1587 3049 1755 3113 idem
1783 3047 2079 3135 posterius
2101 3070 2137 3113 a
2158 3032 2385 3114 Pinc‘iae
2406 3048 2659 3112 familiae:

642 3164 863 3250 palatio
901 3164 1150 3229 Pincius
1213 3162 1569 3247 adpellatus.
1616 3162 1948 3230 Vaticanus
1973 3209 1991 3245 ,
2045 3161 2200 3227 valle
2237 3183 2276 3226 a
2326 3161 2608 3226 Janiculo
2641 3209 2659 3245 ,

642 3278 809 3366 quod
834 3280 1148 3344 latioribus
1182 3277 1485 3343 limitibus
1519 3277 1950 3364 complectitur
1980 3274 2090 3360 1),
2135 3253 2461 3362 separatus.
2507 3274 2662 3338 nic-

642 3405 778 3458 tum
798 3393 905 3459 alii
920 3415 956 3458 a
978 3394 1225 3458 vatibus
1236 3393 1360 3457 sive
1389 3392 1685 3457 vaticiniis
1708 3441 1725 3475 ,
1748 3391 1852 3457 alii
1878 3413 1915 3456 a
1931 3390 2045 3456 deo
2065 3389 2332 3480 quodam
2359 3387 2657 3458 Vaticano

644 3486 874 3574 finiere
896 3505 983 3588 2).
1026 3506 1202 3572 Idem
1228 3504 1410 3571 hodie
1446 3506 1669 3592 palatio
1706 3507 2001 3574 Vaticano
2045 3515 2108 3570 et
2143 3504 2370 3590 templo
2404 3501 2467 3564 S.
2494 3499 2662 3564 Petri

645 3622 924 3709 insignis.
946 3623 1119 3687 Mons
1142 3619 1547 3686 Janiculensis
1569 3619 1602 3703 ,⁸
1626 3618 1977 3707 ²Capitolino
2017 3617 2302 3682 adversus
2327 3617 2398 3689 3)
2423 3660 2440 3695 ‚
2482 3612 2660 3676 altis-

645 3736 798 3802 sima
826 3738 998 3808 urbis
1016 3746 1259 3824 superat
1279 3783 1297 3819 ‚
1320 3734 1424 3801 cui
1452 3757 1605 3820 pons
1630 3734 1940 3798 Sublicius
1961 3715 2286 3816 jungebat.
2312 3727 2490 3793 Urbis
2511 3747 2662 3793 mu-

646 3849 938 3914 nimentis
978 3851 1251 3915 inclusus
1276 3897 1295 3936 ‚
1345 3871 1424 3913 an
1466 3859 1631 3913 extra
1656 3858 2044 3932 Justosejus‘
2067 3844 2293 3907 limites
2320 3842 2660 3926 manserit,

647 3960 870 4048 quaerit
916 3960 1170 4025 Creuser
1208 3965 1249 4047 §
1285 3963 1394 4028 25.
1437 3962 1709 4044 Nomen,
1753 3960 1853 4023 vix
1901 3956 2200 4034 dubium,
2251 3957 2467 4045 quina
2505 3958 2664 4025 Jano
2727 4001 2734 4012 ·

651 4075 746 4163 (§.
775 4075 924 4141 287.
952 4069 1005 4154 );
1046 4084 1187 4140 sunt
1218 4086 1456 4156 tamen,
1482 4074 1657 4160 queis
1678 4073 1794 4138 alia
1819 4070 2183 4158 placuerint.
