3111 4829
1334 412 1363 495 (
1400 410 1518 473 2³¹
1568 408 1594 492 )

464 565 711 636 quoque
750 555 815 611 et
848 541 1226 631 municipiis.
1256 543 1311 610 E
1336 542 1566 631 quibus
1600 540 1946 628 municipes
1988 541 2149 638 eires
2174 540 2487 631 Romani3

465 660 672 725 caeteri
697 661 846 724 item
867 682 904 725 a
921 656 1399 746 provincialibus
1424 667 1582 722 statu
1602 655 1767 721 civili
1788 653 2006 721 diversi
2025 654 2124 745 (ς.
2153 659 2183 721 1
2199 658 2302 724 15.
2326 656 2491 748 sqq.)

459 773 687 838 Praeter
706 773 1053 860 municipes
1069 794 1210 838 vero
1222 821 1241 858 ,
1260 769 1522 837 durante
1542 791 1790 858 quoque
1810 767 2086 835 libertate
2100 818 2119 855 ,
2139 771 2490 859 frequentes

460 887 528 953 in
560 887 893 975 provinciis
924 886 1086 953 cives
1110 887 1417 970 Romani,
1448 886 1637 950 multi
1676 884 2098 972 negotiorum,
2138 885 2322 952 multi
2358 886 2520 952 sm·-

462 1003 626 1069 neris
655 1002 979 1069 exercendi
1023 1025 1207 1070 causa
1227 1048 1247 1087 ,
1271 1023 1427 1090 quos
1470 1022 1630 1088 saepe
1656 1000 1974 1067 civitatum
2014 1020 2278 1066 versura}
2314 998 2489 1067 dita·-

350 1146 357 1153 ·
459 1118 639 1202 bant,
662 1117 916 1205 plurimi
937 1116 1210 1206 denique
1233 1116 1583 1205 publicani,
1602 1116 1738 1205 agri
1757 1114 1994 1204 publici
2014 1127 2076 1181 et
2093 1114 2488 1205 vectigalium

459 1230 866 1317 redemtores,
902 1253 1171 1320 quorum
1210 1230 1522 1318 principes
1548 1229 1802 1317 Equites
1837 1229 1967 1294 fere
2007 1226 2105 1319 (ς.
2141 1224 2338 1318 137.)
2359 1275 2378 1313 ,
2423 1238 2488 1296 et

457 1345 572 1410 sub
599 1345 674 1412 iis
703 1367 1031 1413 numerosa
1057 1345 1428 1411 inferiorum
1455 1342 1659 1408 turba.
1691 1342 1775 1407 ni
1802 1363 2019 1407 omnes
2041 1341 2192 1406 civis
2218 1343 2487 1409 Romani

456 1459 852 1546 praerogativa
880 1457 1206 1523 abutentes
1223 1505 1243 1540 ,
1264 1458 1316 1521 si
1333 1455 1602 1521 avaritias
1619 1476 1836 1519 eorum
1852 1454 2081 1519 Rector
2102 1454 2485 1542 indulgeret,

456 1570 788 1656 provincias
827 1569 1102 1651 exitiosi,
1144 1569 1196 1632 si
1244 1588 1450 1632 severe
1499 1576 1846 1650 coerceret,
1893 1582 2140 1653 propter
2175 1568 2485 1654 Equestris

459 1680 711 1746 Ordinis
738 1684 802 1747 in
836 1680 1150 1769 republica
1178 1680 1514 1768 potentiam
1543 1681 1661 1766 ipsi
1689 1680 2010 1746 metuendi
2039 1679 2150 1769 3);
2181 1691 2385 1768 neque
2413 1683 2484 1746 in

456 1796 617 1862 cives
664 1799 974 1864 Romanos
1010 1805 1367 1883 potestatem
1403 1794 1525 1860 nisi
1554 1794 1800 1861 civilem
1826 1793 2091 1862 habebat
2114 1844 2136 1881 ,
2177 1798 2438 1886 exceptis
2458 1847 2480 1883 ,

452 1911 560 1999 qui
577 1957 597 1996 ‚
636 1908 715 1976 ad
743 1908 1079 1976 exercitum
1127 1909 1267 2000 ejus
1295 1908 1711 1995 pertinentes,
1739 1909 2000 1998 imperio
2029 1910 2283 1978 militari
2319 1912 2481 1978 sub-

449 2022 620 2107 jecti.

542 2150 685 2216 Pari
727 2148 911 2215 modo
932 2196 954 2232 ,
981 2169 1135 2235 quas
1181 2145 1450 2212 diximus
1467 2193 1488 2230 ,
1515 2146 1930 2233 praerogativis
1959 2147 2294 2234 gaudentes
2322 2149 2477 2214 eivi-

455 2273 605 2329 tates
648 2263 860 2326 multis
907 2259 1266 2325 nominibus
1309 2262 1590 2327 Rectoris
1625 2260 1911 2345 potestati
1946 2272 2217 2329 exemtae.
2264 2263 2484 2329 Coeteri

455 2375 674 2441 incolae
694 2373 936 2462 legibus
957 2371 1329 2460 regebantur
1352 2370 1621 2440 subactae
1635 2373 1966 2460 provincias
1985 2373 2142 2441 datis
2161 2375 2248 2468 (§.
2275 2374 2481 2467 243),

454 2499 515 2554 et
544 2488 594 2552 si
622 2509 763 2576 quae
790 2497 1032 2574 postea,
1060 2497 1132 2552 ut
1158 2484 1296 2552 fieri
1325 2486 1585 2570 solebat,
1610 2487 1735 2554 sive
1766 2488 2056 2553 omnibus
2082 2511 2443 2556 communes
2461 2539 2480 2575 ‚

452 2601 578 2667 sive
622 2601 883 2689 singulis
908 2600 1331 2687 adjicerentur
1360 2596 1450 2690 4).
1492 2600 1760 2688 Legibus
1801 2602 2132 2671 accedebat
2167 2603 2438 2671 edictum
2460 2655 2478 2690 ,
2579 2588 2600 2604 ⁶

450 2715 517 2779 in
544 2714 784 2800 justitia
807 2714 1290 2783 administranda
1310 2761 1329 2799 ,
1358 2735 1500 2802 quae
1521 2738 1559 2781 a
1587 2715 1869 2785 aectoris
1906 2717 2158 2785 arbitrio
2186 2730 2246 2783 et
2269 2721 2479 2807 aequi-
2585 2784 2591 2789 .

449 2838 573 2894 tate
617 2827 1011 2917 pendebant,
1060 2828 1142 2895 ob
1191 2850 1454 2917 eamque
1503 2850 1638 2894 rem
1686 2829 1768 2895 ab
1801 2830 1938 2896 aliis
1981 2831 2158 2897 aliter
2202 2833 2476 2899 ordinari

449 2953 734 3028 poterant
761 2938 879 3030 5),
914 2941 1247 3009 definiens:
1286 2942 1451 3030 quod
1479 2965 1628 3009 cum
1662 2967 1774 3031 per
1809 2946 1961 3010 anni
1988 2968 2240 3017 cursum
2265 2948 2479 3015 obser-

449 3053 721 3121 vandum
759 3066 950 3142 esset,
979 3078 1138 3143 saepe
1160 3104 1179 3139 ,
1210 3067 1280 3122 ut
1309 3056 1625 3123 interdum
1664 3061 1882 3125 Romae
1910 3060 2250 3125 Praetorum
2280 3061 2477 3129 edicta

448 3166 880 3260 (5193.),a
920 3169 1121 3255 pravis
1162 3169 1533 3237 Rectoribus
1582 3170 1920 3239 violabatur
1941 3220 1959 3256 ,
1981 3174 2180 3240 edicta
2223 3175 2479 3262 perinde

445 3295 628 3373 atque
673 3284 840 3372 leges
883 3282 1208 3370 provincia
1246 3286 1820 3371 contemnentibus3
1864 3287 2032 3355 unde
2093 3288 2281 3357 fiebat
2301 3339 2319 3374 ,
2371 3302 2475 3377 ut,

392 3482 397 3489 ⁹
446 3398 613 3486 quod
646 3399 723 3464 ad
760 3400 1023 3465 formam
1043 3446 1062 3482 ,
1086 3398 1318 3464 mitiori
1344 3447 1364 3483 ,
1388 3422 1513 3469 non
1541 3400 1753 3469 minus
1775 3414 2214 3489 premerentur
2234 3453 2253 3489 ‚
2281 3426 2470 3493 quam

445 3513 774 3601 asperrima
801 3512 1153 3580 conditione
1182 3513 1529 3582 servientes.

513 3676 564 3735 ι)
585 3677 648 3728 v,
670 3646 879 3729 nii-1120„
906 3677 1052 3728 Vm.
1079 3695 1179 3728 m
1207 3677 1354 3731 Krec.
1374 3681 1487 3731 una
1503 3681 1717 3747 Aualeq,
1740 3699 1794 3749 p.
1819 3682 1934 3734 144.
1958 3700 2072 3749 sqq.
2091 3708 2154 3725 --
2174 3685 2228 3751 2)
2267 3684 2344 3735 cr.
2367 3686 2472 3736 cic.

452 3765 602 3816 Vm.
640 3766 710 3833 3,
741 3768 792 3820 s.
814 3767 951 3832 -3)
978 3767 1054 3821 cr.
1077 3764 1208 3819 ven.
1233 3768 1267 3816 2
1286 3801 1304 3831 ,
1327 3767 1428 3831 18,
1460 3767 1570 3818 nv.
1593 3786 1675 3835 ep.
1697 3770 1739 3820 1.
1769 3770 1854 3821 το.
1873 3796 1937 3813 -
1958 3772 2013 3838 4)
2037 3772 2366 3822 Honorabilis
2387 3774 2476 3823 mo

442 3854 584 3905 locus
599 3856 707 3906 Cic.
734 3856 886 3908 Ver-r.
902 3857 954 3923 2,
977 3857 1040 3907 15
1054 3894 1072 3921 ,
1089 3857 1261 3922 quales
1302 3856 1479 3907 Siculis
1503 3895 1521 3924 ,
1543 3874 1575 3907 a
1593 3858 1827 3909 lucello
1847 3860 2082 3926 devictis,
2106 3866 2218 3927 post
2234 3867 2472 3913 mutatam

446 3959 476 3993 ι
495 3944 556 3993 P.
582 3945 779 4010 Rupilio
796 3947 1065 4011 provincio
1082 3947 1507 4011 constitutionem,
1528 3948 1681 4013 leges,
1702 3950 1868 4013 quoad
1880 3950 2187 4016 judiciorum
2208 3954 2468 4018 rationem,

445 4038 498 4082 et
533 4049 762 4097 quanam
799 4037 1052 4102 privilegia
1098 4037 1286 4087 fuerint
1308 4074 1326 4101 ,
1363 4038 1436 4087 sic
1473 4039 1723 4103 explicans
1752 4040 1983 4107 :st'culn'
2018 4042 2109 4091 1100
2139 4043 2264 4106 jure
2299 4051 2426 4092 aune
2452 4079 2467 4105 ,

445 4130 507 4173 ut
536 4159 557 4191 ,
616 4128 755 4191 quod
792 4130 918 4178 civi·
957 4146 1076 4180 cum
1115 4133 1222 4180 civo
1267 4137 1389 4195 ⁰9⁰¹
1416 4167 1432 4196 ,
1490 4133 1633 4182 domi
1666 4138 1819 4183 certet
1874 4136 1987 4183 suis
2035 4135 2228 4198 leqz‘bus
2252 4171 2271 4201 ,
2333 4136 2473 4201 quod
2529 4152 2540 4161 “
