3111 4829
1547 406 1796 488 (226)

657 555 886 611 servato
912 545 1098 609 veteri
1130 542 1395 608 civitatis
1426 562 1597 606 more
1620 589 1639 625 ‚
1673 562 1797 627 quo
1827 537 1906 605 ad
1943 541 2243 626 populum
2278 541 2504 606 creatio
2530 560 2684 610 ma-

652 658 1017 746 gistratuum
1043 705 1061 740 ‚
1112 676 1330 721 eorum
1373 665 1622 736 autem,
1674 674 1815 741 quae
1859 633 2116 739 agerent
2137 700 2157 736 ‚
2207 651 2547 720 moderatio
2599 655 2682 723 ad

648 784 930 840 senatum
974 770 1290 858 pertinuit.
1337 768 1539 856 Igitur
1582 766 1662 836 ad
1722 767 1972 833 comitia
2013 765 2464 832 recurrendum
2511 780 2678 855 erat,

644 887 881 975 quoties
903 896 1011 953 aut
1032 895 1198 951 extra
1223 882 1503 949 ordinem
1539 883 1772 971 privato
1811 881 2146 969 imperium
2184 880 2333 946 dare
2357 930 2376 966 ‚
2399 895 2508 947 aut
2529 903 2680 970 pro-

642 1002 911 1067 vinciam
948 999 1251 1064 obtinenti
1293 998 1629 1084 imperium
1673 1018 2000 1085 prorogare
2045 992 2128 1084 2·)
2155 1043 2174 1078 ,
2223 1006 2332 1060 aut
2373 999 2629 1063 omnino
2657 1049 2676 1082 ‚

645 1114 884 1202 quoties
914 1111 1150 1202 aliquid
1169 1124 1381 1180 contra
1414 1110 1926 1178 consuetudinem
1955 1111 2051 1175 vel
2073 1110 2246 1198 leges
2270 1113 2471 1178 facere
2487 1162 2506 1198 ,
2529 1113 2677 1198 jure

643 1227 890 1314 legibus
910 1227 1177 1294 solvendi
1198 1227 1227 1320 (
1237 1233 1298 1320 §.
1331 1225 1532 1318 184.),
1555 1226 1931 1314 placuisset3
1955 1224 2256 1316 ).Verum
2271 1240 2514 1294 senatus
2535 1228 2671 1293 haec

640 1364 889 1430 quoque
930 1364 1057 1407 suae
1089 1341 1439 1409 auctoritati
1464 1339 1763 1429 adrogare
1799 1352 2229 1425 consueverat,
2265 1362 2423 1427 saepe
2463 1352 2670 1406 tamen

637 1456 1125 1543 repugnantibus
1149 1456 1440 1521 Tribunis
1477 1455 1714 1538 Plebis,
1755 1453 1953 1520 donec
1998 1476 2092 1518 res
2132 1454 2410 1520 tribuum
2449 1454 2672 1521 suffra-

638 1571 756 1657 giis
797 1569 1249 1636 decerneretur.
1294 1571 1378 1634 Iis
1418 1569 1788 1635 creabantur
1834 1568 2225 1656 magistratus
2266 1569 2671 1656 provinciales

634 1683 663 1775 (
678 1687 737 1772 §.
776 1681 969 1773 169.)
993 1732 1012 1767 ,
1041 1694 1259 1770 praeter
1281 1683 1575 1749 Consules
1595 1704 1668 1748 ac
1687 1682 1980 1747 Praetores
2000 1731 2020 1767 ,
2047 1682 2193 1769 qui,
2222 1683 2488 1747 comitiis
2515 1703 2671 1749 cen-

630 1796 871 1862 turiatis
890 1795 1102 1879 creati,
1124 1796 1402 1862 muneris
1422 1798 1518 1861 sui
1538 1796 1596 1890 vi
1619 1796 1961 1883 provincias
1980 1796 2300 1885 regebant.
2321 1797 2667 1884 Imperium

630 1921 845 1976 contra
875 1912 1165 1976 omnibus
1186 1910 1361 1996 juxta
1389 1911 1529 1998 lege
1570 1910 1805 1975 curiata
1826 1909 1931 2000 (§.
1978 1907 2172 1998 155.)
2215 1909 2494 1977 dabatur.
2524 1912 2668 1994 Qua

630 2026 771 2112 lege
805 2026 958 2110 lata,
982 2034 1227 2091 senatus
1259 2023 1538 2110 decreto,
1576 2034 1884 2111 quantum
1906 2024 2223 2109 copiarum
2251 2023 2503 2090 Rectori
2532 2036 2665 2090 tra-

612 2139 880 2232 deretur
906 2188 923 2223 ,
980 2139 1117 2225 ejus
1158 2139 1522 2221 comitatus,
1574 2140 1918 2224 legatorum
1976 2158 2318 2221 numerus,
2371 2159 2488 2204 nec
2537 2160 2666 2204 non

632 2255 929 2341 impensas
978 2254 1054 2319 ad
1104 2253 1396 2319 decorum
1445 2254 1637 2339 ipsius
1676 2251 2101 2337 comitumque
2148 2273 2257 2336 pro
2308 2251 2665 2337 reipublieoe

632 2367 932 2457 dignitate
972 2379 1260 2436 ornatum
1304 2367 1798 2451 definiebantur,
1846 2363 2292 2432 redemtoribus
2331 2365 2617 2452 jumenta
2640 2416 2661 2452 ,

634 2483 952 2567 vehicula,
985 2483 1417 2566 tabernacula,
1457 2483 1579 2548 alia
1626 2481 1944 2547 mandoe
1979 2484 2342 2569 provineiae
2377 2482 2443 2571 4)
2487 2504 2659 2569 prte-

626 2596 920 2662 bentibus
950 2592 1050 2684 5).
1082 2597 1158 2661 In
1189 2597 1409 2662 itinere
1437 2595 1586 2661 item
1610 2594 1857 2681 publice
1876 2592 2162 2682 quaedam
2184 2642 2202 2676 ,
2247 2592 2352 2659 sed
2395 2594 2615 2660 dubito
2638 2644 2657 2680 ‚

631 2732 717 2776 an
755 2721 817 2775 et
850 2709 983 2774 hoec
1013 2710 1210 2775 {erarii
1247 2709 1540 2797 impensis
1567 2758 1585 2793 ‚
1619 2706 2171 2794 suppeditabantur
2204 2706 2295 2797 6).

709 2821 761 2887 1)
784 2821 861 2870 Cf.
884 2819 1061 2887 Polyb.
1084 2820 1147 2886 6,
1189 2821 1251 2872 15
1270 2858 1289 2886 ‚
1326 2822 1433 2871 Liv.
1453 2820 1548 2884 28,
1571 2820 1655 2871 ⁴5.
1675 2847 1737 2862 -
1757 2821 1809 2886 Ξ)
1834 2820 1911 2871 Cf.
1933 2820 2040 2869 Liv.
2064 2819 2159 2883 26,
2183 2818 2267 2871 18.
2287 2846 2352 2862 -
2374 2814 2429 2887 3)
2450 2823 2526 2873 Cf.
2545 2825 2656 2875 Liv.

548 2940 551 2943 -
624 2909 714 2975 28,
738 2909 802 2960 ⁴0
824 2915 875 2960 et
895 2910 988 2975 45,
1010 2910 1128 2960 Sall.
1145 2909 1274 2975 laq.
1297 2910 1364 2961 75
1379 2915 1432 2960 et
1452 2910 1602 2960 84³,
1620 2910 1686 2961 69
1703 2915 1755 2960 et
1773 2908 1939 2961 81.-
1960 2909 2012 2970 4)
2031 2910 2106 2961 Cf.
2129 2912 2235 2962 Cic.
2255 2915 2327 2965 ad
2346 2916 2452 2963 Ate.
2473 2914 2535 2978 3,
2554 2914 2656 2981 2⁴,

540 3038 553 3054 .
631 3024 699 3041 —-
716 3017 883 3065 mque
904 3003 1041 3050 enim
1065 3017 1298 3065 unquam
1327 3001 1548 3050 arbitr-or
1583 3010 1792 3051 ornatas
1810 3017 1915 3049 esse
1941 3004 2236 3065 provincias
2256 2998 2654 3069 adaquator-um.

621 3090 700 3139 Cf.
726 3093 989 3141 oman-ium
1024 3106 1108 3156 ap.
1142 3091 1252 3140 Cic.
1288 3093 1346 3140 in
1368 3090 1480 3140 Pis.
1522 3091 1607 3140 55.
1632 3118 1695 3128 —-
1716 3090 1770 3153 δ)
1792 3090 1868 3139 Cs.
1894 3090 2001 3140 Liv.
2036 3091 2130 3157 50,
2167 3093 2230 3142 17
2247 3130 2266 3159 ,
2287 3094 2351 3143 42
2370 3132 2385 3159 ,
2413 3095 2434 3144 1
2459 3131 2476 3157 ,
2517 3096 2654 3146 Suet..

626 3179 754 3229 Coes.
779 3178 843 3230 18
861 3217 880 3245 ,
904 3183 1044 3245 Auq.
1068 3180 1168 3244 56,
1208 3182 1314 3229 Cic.
1345 3179 1494 3229 Ver-r.
1519 3179 1582 3244 ⁴,
1605 3180 1669 3245 5,
1691 3179 1935 3244 Geu.15‚
1962 3180 2012 3231 4.
2032 3208 2093 3220 -
2111 3182 2164 3247 6)
2188 3182 2266 3231 Cl'.
2304 3183 2425 3233 lior.
2449 3184 2560 3234 Sat.
2586 3185 2608 3234 1
2635 3222 2651 3249 ,

617 3266 653 3316 5
668 3302 686 3331 ‚
711 3267 776 3320 ⁴5
790 3305 807 3332 ‚
822 3273 1069 3334 proxima
1086 3270 1350 3334 Campano
1360 3271 1514 3334 ponti
1526 3286 1644 3334 qm
1661 3270 1847 3320 villula
1859 3304 1879 3334 ,
1903 3277 2086 3319 netum
2101 3272 2358 3335 ρνωὸυόε,
2379 3280 2428 3321 oe
2437 3273 2659 3337 parocho·

616 3370 736 3421 qum
771 3358 949 3409 debent
984 3359 1130 3422 ἱέρεια
1159 3359 1434 3425 salemque.
1456 3358 1522 3409 V.
1544 3363 1653 3409 not.
1689 3358 1903 3426 noina„
1936 3364 1988 3410 et
2007 3360 2177 3411 Burm.
2206 3361 2270 3411 do
2307 3359 2505 3427 Vech'q.
2518 3377 2649 3428 pop.

614 3444 768 3498 Rom.
793 3462 843 3497 c.
867 3446 930 3512 6,
957 3462 1010 3513 p.
1032 3446 1117 3497 93.

705 3539 859 3605 247.
910 3540 985 3602 In
1030 3539 1325 3604 comitatu
1367 3540 1651 3606 Rectoris
1693 3552 1868 3609 erant
1911 3540 2228 3625 Quaestor,
2276 3540 2353 3606 de
2394 3564 2567 3608 more
2610 3568 2649 3612 a

614 3652 844 3738 populo
873 3653 1107 3737 lectus,
1135 3652 1215 3717 ab
1253 3651 1596 3741 eodemque
1643 3655 2065 3720 auctoritatem
2101 3654 2334 3718 habens
2355 3702 2372 3736 ,
2408 3665 2472 3718 et
2517 3656 2650 3723 Le-

615 3765 740 3849 gati
759 3813 779 3849 ,
809 3788 1070 3832 numero
1105 3790 1212 3853 pro
1242 3769 1575 3853 provincias
1603 3767 2014 3854 amplitudine
2042 3777 2153 3832 aut
2181 3766 2328 3830 belli
2366 3771 2648 3833 necessi-

619 3886 784 3959 tate,
836 3891 1050 3945 senatu
1095 3879 1508 3967 adprobante,
1547 3905 1586 3947 a
1626 3885 1888 3949 Rectore
1931 3880 2072 3947 lecti
2119 3875 2223 3967 1),
2274 3893 2334 3946 et
2380 3881 2460 3947 ab
2509 3882 2648 3968 ejus

612 3991 924 4057 i·oluntate
957 3995 1292 4076 pendentes
1323 3995 1433 4084 2),
1472 3994 1665 4062 iidem
1706 4007 1914 4061 tamen
1959 3996 2088 4060 fere
2129 3997 2489 4082 amplissimi
2530 3998 2648 4062 viri

614 4113 677 4168 et
706 4103 772 4169 in
801 4106 1129 4191 provinciis
1167 4110 1492 4196 insiguiter
1530 4109 1849 4194 honorati,
1878 4108 2194 4176 lictoribus
2221 4112 2406 4177 etiam
2446 4120 2645 4176 uten—
