3111 4829
1511 411 1765 496 (374)

636 543 815 609 affixa
862 541 1021 631 13),
1064 566 1187 631 quo
1227 544 1554 613 trahuntur
1603 557 1793 612 rostra
1838 546 1906 610 in
1952 541 2133 611 domo
2175 542 2456 630 Pompeii
2501 541 2650 631 14).

636 655 757 723 Sed
791 659 960 723 o'mni
998 659 1187 744 gloria
1228 661 1423 746 major
1464 659 1814 748 triumphus
1845 659 1872 750 (
1900 662 2176 743 θρίαμβος
2194 657 2243 746 ).
2276 658 2432 743 Hie,
2472 656 2654 722 initio

639 772 719 836 ab
752 774 1018 838 Romulo
1051 775 1213 840 facto
1262 773 1407 864 15),
1450 777 1517 840 in
1560 776 1753 842 libera
1791 775 2031 842 civitate
2070 776 2401 861 frequens,
2442 785 2658 837 tamen

640 886 887 951 nonnisi
917 888 1147 975 insigni
1174 890 1441 954 victoriae
1468 888 1950 973 decernebatur,
1979 888 2167 975 idque
2202 887 2615 973 legemutum
2638 932 2659 968 ,

640 1000 851 1063 multis
888 1000 1019 1084 jam
1065 1001 1145 1066 ob
1185 1002 1407 1068 leviora
1434 1001 1850 1089 flagitantibus
1873 1052 1891 1086 ,
1931 1002 2240 1088 simulque
2272 997 2660 1064 conditiones

641 1111 930 1180 definitas.
979 1115 1361 1182 Decernehat
1407 1128 1614 1182 autem
1672 1128 1956 1201 senatus3
2007 1116 2153 1180 licet
2214 1112 2530 1179 interdum
2577 1111 2661 1177 ad

644 1233 945 1313 populum
986 1241 1369 1298 recurrentes
1412 1253 1485 1296 eo
1520 1231 1712 1296 invito
1742 1228 2255 1316 triumphaverint
2297 1227 2433 1315 16).
2474 1226 2615 1291 Dux
2640 1273 2662 1308 ,

644 1338 888 1405 decreto
914 1343 1047 1426 jam
1072 1345 1384 1431 triumpho
1405 1394 1424 1431 ,
1446 1357 1557 1411 aut
1580 1346 1766 1411 etiam
1794 1345 2095 1431 petiturus
2113 1364 2261 1407 cum
2290 1341 2558 1406 exercitu
2579 1338 2663 1404 ad

645 1452 867 1517 urbem
898 1453 1223 1519 accedebat
1253 1453 1360 1545 17)
1387 1506 1405 1541 ,
1434 1457 1833 1544 patribusque
1856 1504 1874 1539 ,
1903 1465 2116 1520 senatu
2142 1453 2210 1518 in
2237 1451 2369 1518 aede
2392 1451 2663 1516 Bellonae

647 1567 789 1634 dato
827 1567 1194 1661 (§.179.),
1235 1594 1343 1656 ea,
1390 1583 1463 1637 ut
1501 1571 1744 1637 videtur
1767 1620 1785 1655 ,
1815 1570 2052 1636 solenni
2076 1591 2248 1634 more
2275 1566 2660 1648 declarabat,

646 1703 788 1769 quoe
829 1683 1049 1748 urbem
1092 1685 1398 1770 ingressus
1435 1685 1600 1771 apud
1637 1686 1979 1766 Quaestores
2018 1691 2394 1748 sacramento
2422 1679 2668 1745 confir-

648 1805 926 1859 maturus
967 1807 1135 1882 erat,
1183 1797 1411 1862 scilicet
1444 1797 1613 1883 justo
1660 1808 1722 1862 et
1764 1796 1964 1862 hostili
2011 1796 2175 1861 bello
2225 1794 2350 1859 suis
2384 1792 2676 1879 auspiciis

648 1906 903 1994 Imperii
974 1910 1129 1976 fines
1194 1912 1492 1997 prolatos,
1544 1911 1712 1996 justo
1765 1932 2016 1997 unoque
2071 1909 2277 1996 praelio
2331 1929 2456 1972 non
2508 1907 2674 1971 infra

648 2021 929 2109 quinque
949 2022 1219 2089 hostium
1242 2025 1434 2091 millia
1451 2047 1606 2090 caesa
1627 2047 1775 2091 esse.
1802 2024 1943 2104 Quo
1966 2025 2126 2089 facto
2145 2072 2163 2107 ,
2185 2019 2635 2106 triumphaturo
2652 2069 2675 2102 ,

652 2156 776 2222 qua
810 2134 910 2200 die
951 2135 1168 2200 urbem
1198 2137 1491 2221 intraret,
1544 2137 1879 2222 imperium
1906 2136 2003 2227 (5.
2034 2134 2229 2226 366.)
2260 2133 2673 2200 deserebatur.

648 2250 746 2314 De
768 2249 1006 2336 legibus
1027 2250 1604 2337 triumphalibuscf.
1628 2251 1767 2320 Val.
1795 2251 1879 2316 M.
1909 2251 2004 2333 11,
2034 2254 2115 2332 8,
2149 2252 2206 2315 1.

722 2381 1261 2453 1)v.soew.udveg.
1285 2385 1671 2454 s‚7..-s)cr
1692 2387 1813 2439 τω
1837 2388 1980 2439 Aa...
2001 2383 2681 2452 2,ss.-z)cri>1m1o,

654 2476 717 2540 4,
746 2478 884 2543 Vim-g
907 2481 1030 2529 AE'n.
1056 2480 1120 2543 8,
1141 2478 1258 2530 684.
1282 2479 1530 2545 —·i)cf.
1553 2480 1729 2547 Polyb.
1752 2481 1816 2544 6,
1839 2480 1932 2543 59,
1955 2480 2091 2529 Suet.
2117 2479 2303 2530 aad.
2326 2478 2412 2529 28.
2435 2476 2679 2542 —5)cr.

653 2564 829 2632 Polyb.
851 2567 913 2630 6,
935 2566 1029 2630 37,
1052 2568 1179 2616 Gen.
1200 2567 1363 2631 2,12.
1382 2594 1446 2610 -
1462 2571 1525 2629 6)
1546 2570 1620 2619 Cf.
1641 2570 1747 2619 Liv.
1767 2570 1862 2633 22,
1887 2570 1980 2630 52,
1999 2568 2104 2617 Cic.
2130 2567 2281 2617 Ver-r.
2298 2565 2473 2630 4,12,
2495 2566 2680 2613 Juven.

656 2652 714 2702 11
740 2689 755 2716 ,
781 2654 903 2717 102,
925 2655 1099 2704 Claud.
1121 2659 1182 2705 do
1205 2657 1256 2706 4.
1279 2658 1431 2708 Cone.
1454 2658 1599 2708 Hon.
1632 2657 1749 2707 548.
1770 2656 1901 2723 -7)
1933 2658 2010 2707 Cf.
2039 2658 2126 2706 su.
2162 2657 2256 2721 15,
2286 2656 2411 2718 255,
2445 2654 2582 2702 Flor.
2607 2653 2641 2702 5
2664 2684 2682 2712 ,

652 2741 741 2791 10.
762 2770 827 2779 --
851 2742 903 2804 8)
926 2744 970 2791 A
1001 2744 1215 2808 phaleris
1254 2746 1566 2810 phaleratus,
1598 2751 1657 2795 ut
1690 2761 1879 2810 equus,
1921 2745 2029 2794 Liv.
2062 2745 2163 2809 30,
2198 2745 2290 2807 17,
2329 2741 2510 2806 turbe,
2536 2742 2676 2791 Suet.

655 2828 798 2881 Nero
832 2831 928 2897 30,
956 2848 1217 2898 cursores,
1238 2834 1442 2886 Petron.
1470 2833 1565 2899 28,
1598 2834 1761 2898 diota,
1791 2835 1908 2885 Ter.
1930 2834 2135 2884 Phorm.
2156 2836 2218 2900 ὅ,
2243 2828 2678 2898 2,15.-9)01’.

656 2921 791 2991 =Pest.
830 2928 881 2972 et
917 2924 1043 2990 Lyd.
1077 2926 1139 2992 1,
1171 2924 1255 2976 46.
1277 2953 1340 2963 -
1366 2925 1449 2992 10)
1488 2926 1566 2975 Cf.
1601 2925 1726 2989 Veg.
1748 2925 1810 2988 2,
1835 2924 2071 2988 7.--11›
2109 2926 2186 2974 Cf.
2222 2925 2330 2975 Liv.
2371 2925 2463 2988 10,
2503 2922 2589 2973 44.
2611 2948 2682 2960 —

660 3009 744 3075 12)
763 3010 838 3060 Cf.
860 3011 999 3075 virg.
1023 3013 1147 3063 AEn.
1169 3013 1201 3064 5
1218 3051 1235 3080 ,
1258 3013 1373 3062 395.
1397 3041 1461 3055 -
1486 3012 1570 3079 15)
1600 3013 1677 3063 cf.
1710 3013 1818 3063 Liv.
1842 3014 1935 3079 10,
1957 3013 2021 3078 7,
2045 3030 2266 3080 quorum
2299 3016 2473 3064 domos
2499 3012 2686 3076 spoliis

657 3100 879 3149 hostium
901 3103 1065 3165 affixis
1079 3105 1306 3167 iniquos
1323 3107 1459 3152 inter
1477 3105 1610 3153 alias
1624 3103 1878 3168 feceritis,
1904 3100 2014 3153 cio.
2037 3103 2177 3154 Phil.
2199 3103 2233 3152 2
2249 3140 2266 3166 ,
2301 3102 2394 3167 28,
2417 3102 2552 3173 min.
2575 3099 2642 3149 55
2659 3135 2680 3165 ‚

655 3190 712 3239 2.
732 3216 795 3231 -
814 3190 899 3255 14)
916 3191 1043 3242 Gon.
1070 3193 1133 3242 16
1150 3229 1166 3254 ,
1189 3192 1243 3243 5.
1263 3221 1327 3233 -
1347 3193 1656 3258 15)cc.1.iv.
1683 3194 1709 3244 1
1730 3231 1749 3262 ‚
1772 3194 1856 3245 10.
1879 3221 1940 3235 —··
1962 3194 2047 3261 16)
2069 3194 2146 3243 Cf.
2167 3195 2368 3260 Dionys.
2388 3194 2445 3245 11
2468 3230 2485 3259 ,
2506 3193 2593 3243 50.
2611 3217 2679 3232 —-

660 3279 746 3346 17)
768 3282 844 3330 Cf.
868 3282 991 3333 8⁸11..
1008 3282 1120 3332 Cat.
1137 3282 1219 3332 26.

752 3397 905 3461 376.
953 3397 1198 3482 Pompae
1237 3394 1664 3481 triumphalis,
1701 3395 1849 3460 olim
1886 3417 1925 3461 a
1964 3404 2135 3481 porta
2175 3395 2455 3482 Capena,
2483 3406 2618 3483 post
2645 3419 2685 3464 a

666 3508 897 3594 Campo
933 3509 1146 3575 Martio
1168 3557 1186 3592 ,
1227 3510 1333 3575 cui
1378 3509 1580 3575 vicina
1610 3530 1762 3594 pons
1802 3520 1863 3574 et
1892 3519 2066 3594 porta
2097 3508 2486 3595 triumphalis
2506 3558 2525 3593 ,
2566 3532 2681 3596 per

662 3623 982 3710 primarias
1039 3623 1197 3708 vias,
1242 3624 1374 3690 fora
1431 3624 1749 3709 circosque
1777 3671 1796 3706 ,
1855 3621 2181 3710 insigniter
2228 3622 2505 3690 decorata
2530 3672 2548 3707 ,
2598 3623 2683 3689 ad

667 3738 1036 3823 Capitolium
1059 3761 1369 3825 processus
1396 3737 1567 3804 hunc
1590 3740 1720 3803 fere
1748 3736 2028 3803 ordinem
2055 3748 2436 3803 memorant:
2468 3736 2690 3803 choros

663 3851 929 3916 musicos
959 3852 1370 3940 sequebantur
1411 3853 1571 3919 tauri
1608 3852 1899 3918 sacrificio
1946 3851 2292 3935 mactandi,
2340 3850 2451 3916 hos
2491 3853 2686 3938 spolia

666 3961 747 4025 ab
766 3961 1039 4029 hostibus
1060 3977 1267 4050 capta,
1288 3965 1473 4030 simul
1495 3965 1824 4050 regionum
1842 3964 2169 4030 urbiumve
2197 3965 2496 4030 victarum
2519 3966 2687 4031 ima-

669 4074 844 4161 gines
896 4075 1021 4164 1),
1066 4090 1200 4146 tum
1236 4090 1380 4146 ante
1417 4080 1854 4168 Imperatorem
1879 4128 1898 4163 ‚
1944 4079 2301 4167 propinquis
2344 4079 2688 4167 amicisque
