3111 4829
1289 416 1311 496 (
1355 414 1428 475 33
1473 414 1495 496 )

395 545 631 630 didisse,
656 550 817 612 fama
836 547 1197 613 abstinebat.
1227 544 1294 633 2)
1314 544 1403 609 Ac
1433 546 1627 627 fuere,
1646 545 1753 631 qui
1775 547 1945 610 illam
1968 546 2185 612 urbem
2204 568 2239 612 a
2255 548 2398 612 Ro·-

390 664 557 726 mulo
591 663 899 726 inventam
966 684 1168 748 neque
1192 658 1340 724 adeo
1365 657 1673 723 conditam
1710 660 1788 723 ab
1815 683 1886 724 eo
1934 662 2196 725 Romam
2217 696 2256 744 ‚>
2287 659 2394 725 sed

390 787 635 841 auctam
676 776 856 841 modo
887 777 1132 840 vellent.
1161 775 1369 859 Ipsius·
1391 784 1600 837 autem
1639 774 1906 838 Evandri
1932 774 2181 840 historia
2205 775 2397 841 sabu-

390 889 514 953 losa
538 894 637 977 (§.
666 894 833 976 308)
855 915 873 973 3
902 902 963 954 et
989 889 1241 977 quidam
1271 938 1287 970 ‚
1325 910 1403 952 an
1438 888 1692 981 omnino
1717 888 1786 950 in
1807 887 1975 951 Latio
1995 890 2180 952 fuerit
2203 937 2219 970 ‚
2270 888 2401 953 du·-

390 1001 695 1085 bitavere3
741 1001 843 1068 alii
877 1003 942 1083 3)
985 1025 1121 1091 rem
1142 1012 1229 1065 tot
1247 1011 1521 1065 veterum
1560 998 1918 1064 testimoniis
1944 1001 2403 1065 monumentis-

394 1135 513 1200 que
535 1115 896 1180 celebratam
915 1166 932 1199 ,
963 1117 1030 1180 in
1055 1117 1228 1203 queis
1251 1118 1373 1180 Ara
1394 1110 1661 1178 Evandri
1689 1124 1749 1176 et
1768 1115 1947 1178 Porta
1977 1115 2375 1180 Carmentalis
2389 1164 2407 1197 ‚

392 1250 427 1292 a
454 1226 679 1292 Graecis
724 1228 1048 1294 confictam
1093 1251 1219 1294 esse
1242 1278 1259 1311 ,
1296 1248 1658 1313 persuasum
1707 1226 1937 1291 habent
1959 1275 1977 1310 ‚
2028 1227 2241 1293 ⁴vereor
2267 1277 2284 1311 ,
2322 1252 2404 1294 ne

392 1341 655 1406 nimium
699 1343 972 1407 acumini
996 1365 1103 1407 suo
1146 1341 1519 1406 tribuentes„
2409 1326 2412 1329 Δ

457 1503 510 1568 1)
543 1504 619 1553 cs.
643 1505 784 1552 ovid.
821 1504 979 1553 Tau.
999 1505 1032 1553 5
1053 1540 1069 1566 ,
1096 1506 1153 1567 1,
1177 1505 1262 1553 51.
1285 1530 1347 1541 --
1368 1503 1419 1567 2)
1440 1503 1516 1551 cr.
1538 1503 1737 1566 Dionys.
1772 1503 1919 1552 ham
1947 1539 1962 1565 ‚
1996 1504 2096 1567 51,
2121 1503 2404 1570 Liv.1·‚7,

392 1591 654 1655 vii-gaila.
674 1592 727 1655 8,
751 1590 1210 1655 98.sqq.541.559,
1228 1592 1370 1640 ovid.
1386 1592 1530 1642 Faat.
1557 1592 1605 1654 1,
1627 1589 2005 1657 470..sqq.--5)
2026 1594 2086 1640 In
2097 1593 2174 1641 his
2185 1594 2408 1642 Niebuhr

392 1680 577 1744 (Ram.
600 1682 775 1732 Gwck.
791 1698 840 1729 v.
860 1682 905 1730 1.
925 1697 978 1745 p.
998 1680 1142 1746 124.)
1166 1685 1219 1731 et
1233 1681 1558 1730 Wachsmuth
1579 1680 1731 1746 (AEle.
1751 1681 1927 1731 Gamla.
1947 1683 2000 1730 d.
2022 1682 2182 1732 Rom.
2200 1683 2397 1733 Staatm
2448 1719 2451 1723 .

387 1786 442 1835 p.
468 1770 612 1834 102.)
2311 1802 2314 1805 ,

482 1911 585 1975 38.
636 1911 728 1975 De
763 1922 1074 1997 tempore,
1109 1934 1232 1999 quo
1272 1913 1472 1978 Roma
1515 1914 1791 1996 condita,
1831 1925 2062 1980 veteres
2099 1900 2264 1981 certa
2295 1928 2407 1981 tea

392 2023 599 2087 nuisse
623 2070 640 2105 ,
689 2020 907 2086 idonea
939 2044 1121 2087 causa
1160 2044 1287 2086 non
1313 2034 1400 2087 est
1422 2070 1440 2106 ,
1494 2045 1606 2087 cur
1649 2023 1970 2089 credamus
2007 2027 2037 2088 1
2059 2029 2115 2109 );
2150 2027 2216 2089 in
2246 2049 2408 2092 anno

392 2146 597 2204 tamen
629 2134 1054 2200 constituendo
1093 2134 1262 2200 haud
1299 2157 1524 2220 magno
1555 2157 1817 2199 numero
1853 2136 2234 2202 dissentiunt.
2267 2139 2412 2207 Re-

392 2251 688 2314 centiores
727 2260 935 2314 autem
975 2250 1198 2315 Romae
1231 2248 1491 2312 conditae
1537 2271 1777 2313 annum
1823 2250 1928 2313 alii
1970 2273 2024 2315 a.
2058 2250 2201 2315 Chr.
2240 2257 2368 2316 752
2391 2302 2410 2334 ‚

390 2363 497 2428 alii
539 2365 693 2426 754.
743 2361 1013 2444 faciunt,
1042 2359 1112 2424 hi
1137 2361 1580 2429 Varronianam
1604 2408 1622 2444 ‚
1656 2361 1747 2425 illi
1787 2359 2184 2429 Catonianam
2213 2365 2412 2429 ratio—

388 2499 538 2541 nem
585 2461 904 2562 sequentes
946 2472 1050 2561 2).
1098 2474 1280 2539 Diem
1320 2474 1490 2539 urbis
1529 2476 1795 2541 natalem
1824 2477 1985 2541 fama
2025 2477 2254 2542 ferebat
2297 2481 2407 2545 xl.

388 2591 528 2655 Kal.
554 2588 696 2673 Maj.
739 2594 777 2654 3
796 2586 844 2675 ).

476 2703 755 2768 Nominis
801 2712 1010 2767 autem
1040 2703 1256 2768 Romae
1278 2750 1297 2786 ,
1339 2703 1389 2766 si
1431 2703 1721 2769 Graecum
1751 2704 2046 2794 fingimus
2063 2693 2092 2789 ‚‘
2122 2707 2287 2771 notio
2318 2720 2408 2771 est

393 2816 630 2893 robur,
666 2837 812 2881 sane
838 2816 1212 2881 conveniens
1240 2828 1542 2882 terrarum
1570 2818 1841 2901 victrici3
1873 2830 1934 2884 et
1961 2830 2128 2884 vetus
2164 2822 2402 2906 opinio,

398 2928 741 2997 Valentiam
768 2931 837 2993 in
864 2940 1074 2994 monte
1100 2929 1374 2995 Palatino
1401 2930 1622 2995 urbem
1645 2931 1724 2996 ab
1744 2931 1991 2996 advenis
2020 2932 2247 3016 Graecis
2273 2935 2408 2999 Ro-

398 3065 561 3108 mam
590 3066 714 3108 esse
735 3092 754 3127 ‚
776 3065 946 3108 verso
968 3035 1160 3109 latino
1178 3043 1431 3108 nomine
1450 3091 1467 3126 ,
1492 3042 1858 3128 adpellatam
1887 3048 1925 3107 4
1943 3047 1999 3129 );
2020 3067 2091 3109 ac
2114 3068 2224 3129 par
2252 3047 2370 3110 fuit
2388 3097 2405 3129 ,

402 3158 471 3220 in
492 3157 718 3223 diversa
736 3156 910 3222 abire
939 3179 1040 3222 eos
1059 3205 1076 3239 ,
1104 3158 1215 3243 qui
1236 3205 1253 3239 ,
1296 3157 1504 3220 relicta
1536 3157 1773 3242 vulgari
1795 3157 1958 3222 fama
1986 3157 2110 3240 5),
2138 3158 2404 3223 Romam

402 3290 529 3334 non
565 3292 602 3334 a
634 3270 902 3335 Romulo
941 3269 1166 3333 dictam
1188 3269 1632 3333 existimarem.-
1649 3270 1733 3332 Ex
1762 3268 1857 3332 his
1883 3268 2135 3355 quidam
2162 3270 2405 3336 Romu-

402 3383 534 3448 lum
579 3383 657 3446 ab
690 3382 880 3465 urbe,
920 3381 1141 3446 urbem
1184 3380 1289 3445 alii
1327 3403 1365 3445 a
1403 3380 1661 3445 Rumon
1706 3382 1801 3445 vel
1849 3379 2100 3459 Rumo,
2151 3384 2407 3470 antiquo

405 3496 633 3561 Tiberis
671 3496 924 3562 nomine
952 3493 1030 3582 6)
1055 3543 1073 3579 ,
1102 3494 1208 3559 alii
1246 3505 1307 3557 et
1332 3492 1567 3558 flumen
1589 3504 1651 3558 et
1672 3495 1984 3579 regionem
2007 3544 2024 3577 ‚
2061 3506 2269 3580 utpote
2295 3517 2409 3580 pe-

406 3630 671 3674 corosam
694 3657 710 3690 ‚
743 3631 779 3673 a
820 3607 1037 3672 Ruma
1071 3612 1373 3695 (mamma
1416 3603 1482 3692 7)
1504 3631 1521 3687 3
1567 3602 1858 3691 guttur),
1896 3607 2103 3690 sicque
2142 3605 2405 3673 Romam

405 3722 575 3808 quasi
615 3721 1064 3786 ruminantium
1100 3730 1206 3784 aut
1247 3719 1608 3783 lactentium
1641 3716 1952 3803 pecudum
1989 3717 2206 3782 urbem
2230 3742 2409 3786 voca-

374 3816 529 3901 'ta‘m
574 3859 699 3902 esse
730 3837 978 3919 volunt,
1021 3836 1100 3899 ab
1139 3833 1352 3902 eadem
1381 3855 1523 3899 voce
1560 3831 1929 3897 deducentes
1967 3832 2155 3897 ficum
2198 3839 2409 3900 rumi-

376 3993 381 4000 -
411 3949 607 4015 nalem
634 3998 650 4034 ‚
692 3950 808 4014 sub
844 3972 965 4036 qua
989 3951 1265 4037 geminos
1286 3950 1577 4014 lactentes
1598 3945 1906 4028 inventos,
1939 3947 2296 4012 narrabatur
2327 3954 2410 4035 8)

415 4066 531 4130 Alii
556 4089 731 4154 oeque
754 4064 1006 4131 audacia
1027 4078 1131 4131 aut
1155 4067 1352 4135 futilia
1373 4060 1943 4131 comminiscuntur.

2053 4177 2090 4232 5
