3111 4829
645 431 739 483 ΧΗ
1287 451 1296 456 ·
1498 436 1575 485 tn
1581 432 1839 480 MATIO.

649 542 947 635 pendium
984 554 1278 618 scribenti
1299 556 1512 619 suisset
1542 603 1562 636 ‚
1597 553 1746 640 quid
1771 554 1876 617 alii
1908 552 2169 618 dixerint
2208 555 2658 640 senserintque,

649 665 999 750 negligere3
1043 688 1115 731 ac
1162 662 1422 731 minime
1468 668 1548 731 ita
1582 667 1865 731 fecerunt
1885 668 2209 753 Sigonium
2235 715 2252 750 ,
2275 665 2662 748 Gruohium,

649 776 1091 861 spanhemium
1114 829 1131 864 ,
1162 782 1343 864 alios,
1386 782 1551 844 velut
1580 792 1779 865 patres
1808 781 2246 866 antiquitatum
2284 779 2623 864 disciplinae
2643 827 2660 858 ‚

649 891 842 954 secuti
867 940 884 975 ‚
936 913 1055 956 nec
1105 914 1245 957 vero
1292 893 1361 957 id
1418 893 1565 957 fecit
1627 895 1756 979 ipse
1823 894 2191 958 Heineccius
2216 942 2233 977 ,
2288 916 2404 957 nec
2464 915 2534 956 ex
2592 914 2674 956 eo

650 1007 972 1091 compilata
1022 1026 1177 1091 saepe
1234 1007 1395 1071 male
1448 1018 1790 1094 repetentes
1851 1007 2217 1071 recentiores
2267 1006 2468 1070 multi.
2524 1006 2665 1085 Quo

648 1118 846 1201 inagis
870 1116 1398 1182 commendandus
1415 1120 1480 1182 in
1504 1119 1851 1204 Republica
1888 1120 2169 1189 Romana
2197 1116 2552 1209 illustranda
2586 1117 2668 1180 ab

664 1228 765 1295 his
791 1230 974 1315 longe
1004 1229 1303 1295 diversam
1345 1243 1407 1296 ct
1441 1232 1717 1296 criticam
1755 1233 1915 1296 viam
1941 1233 2249 1319 ingressus
2288 1230 2667 1296 doctissimus

660 1340 971 1409 Beausort.
1011 1345 1132 1411 Nos
1159 1356 1220 1408 et
1248 1343 1419 1409 hune
1445 1356 1506 1409 et
1529 1344 1690 1409 bene
1711 1347 1934 1409 multos
1956 1345 2377 1410 consuluimus
2399 1392 2415 1426 ,
2436 1355 2495 1407 et
2514 1345 2668 1407 son-

656 1453 831 1518 tibus
855 1454 1039 1518 etiam
1073 1456 1297 1541 aditis,
1327 1458 1397 1521 in
1428 1457 1631 1522 dubiis
1656 1480 1872 1522 eruere
1904 1480 2125 1522 verum
2152 1470 2259 1523 aut
2297 1480 2437 1523 vero
2460 1460 2665 1543 proxi·-

657 1588 835 1632 mum
851 1570 1051 1634 conati
1076 1590 1287 1635 sumus
1302 1583 1622 1655 ,caeterum
1643 1594 1944 1637 memores
1959 1622 1976 1657 ,
1994 1574 2062 1637 in
2081 1573 2441 1660 compendio
2465 1596 2665 1661 neque

662 1676 1060 1767 disputationi
1083 1684 1534 1770 indulgendum
1558 1708 1684 1751 esse
1706 1735 1723 1768 ,
1756 1708 1959 1773 neque
1984 1688 2188 1751 omnia
2215 1689 2351 1752 satis
2378 1689 2666 1752 illustrari

657 1818 856 1882 posse,
880 1798 1005 1861 imo
1027 1799 1292 1883 plurima
1322 1799 1647 1865 indicanda
1680 1813 1917 1865 tantum
1937 1850 1954 1885 ,
1986 1802 2451 1887 disputationem
2477 1802 2573 1892 (²⁴²)
2605 1815 2665 1866 et

656 1921 1020 1994 argumenta
1069 1912 1431 1977 lectionibus
1463 1912 1867 2000 relinquenda
1900 1936 2046 1979 esse.
2088 1914 2206 1979 sed
2245 1917 2525 2001 inprimis
2546 1916 2666 1980 hoc

647 2025 1011 2109 vitavimuS,
1069 2048 1149 2090 ne
1193 2027 1444 2112 nuperis
1483 2028 1852 2110 conjecturis
1880 2023 2241 2113 opusculum
2282 2042 2509 2095 temere
2549 2031 2666 2095 im·-

646 2137 938 2222 pleretur.
983 2140 1246 2203 Multum
1286 2140 1458 2203 enim
1488 2152 1768 2225 praestare
1807 2152 2126 2227 putamus,
2166 2143 2349 2230 vulgo
2379 2156 2660 2230 recepta,

645 2249 792 2312 licet
832 2270 956 2313 non
986 2252 1124 2315 satis
1162 2263 1360 2337 certa,
1392 2276 1629 2317 servare
1650 2303 1667 2338 ,
1707 2276 1896 2341 quam
1935 2275 2089 2319 nova
2128 2277 2303 2342 reque
2333 2268 2441 2319 aut
2467 2258 2662 2343 magis

646 2373 921 2445 suspecta
947 2364 1311 2430 substituere
1334 2390 1351 2450 3
1385 2365 1549 2453 quod
1573 2367 1827 2454 quidem
1847 2390 1919 2433 oo
1949 2369 2289 2456 religiosius
2315 2371 2663 2455 vitavimuS,

647 2475 943 2556 quoniam
988 2473 1307 2561 hucusque
1344 2480 1526 2562 vulgo
1574 2481 1822 2563 probata
1845 2527 1863 2563 ,
1904 2485 2180 2568 quamvis
2213 2485 2344 2566 jam
2372 2486 2516 2547 salsa
2542 2505 2669 2549 esse

651 2595 881 2646 constet
904 2629 925 2666 ‚
953 2606 1034 2648 ne
1057 2587 1142 2664 sic
1171 2586 1421 2672 quidem
1450 2600 1615 2653 recte
1646 2593 2093 2657 omitterentur.
2129 2597 2343 2679 Itaque
2373 2618 2666 2660 novarum

649 2698 1144 2781 conjecturarum
1162 2701 1544 2764 mentionem
1566 2702 2046 2786 interpretationi
2069 2728 2302 2769 servare
2318 2710 2668 2793 maluimuS,

648 2831 793 2873 cum
820 2810 884 2871 in
921 2810 1054 2873 aliis
1079 2858 1096 2893 ,
1132 2821 1265 2873 tum
1299 2812 1365 2875 in
1404 2812 1513 2896 iis,
1550 2835 1690 2899 quae
1725 2813 1804 2878 ad
1847 2816 2198 2900 reipublicae
2229 2819 2522 2884 Romanae
2548 2843 2668 2884 ve·-

639 2923 1039 2986 'tustissimam
1070 2924 1329 2988 sormam
1363 2927 1706 3011 pertinent,
1753 2930 2069 2993 confusam
2113 2942 2174 2994 et
2207 2942 2385 2996 antea
2409 2935 2630 2997 molem
2652 2983 2668 3016 ,

648 3035 752 3098 sed
780 3037 974 3121 magis
1004 3048 1135 3121 post
1168 3036 1492 3101 Niebuhrii
1522 3040 2053 3126 investigationem
2075 3092 2091 3125 ,
2121 3045 2392 3110 criticam
2413 3047 2664 3133 quidem

647 3150 818 3212 illam
859 3161 917 3212 et
949 3150 1183 3213 subtilis
1224 3150 1501 3236 ingenii,
1545 3164 1607 3216 at
1646 3157 2023 3239 argumentis
2048 3169 2251 3222 tamen
2284 3182 2405 3224 non
2430 3183 2666 3247 semper

640 3249 879 3325 idoneis
902 3264 1203 3326 nitentem
1226 3260 1365 3350 (Ἠ)
1393 3287 1407 3326 t
1455 3286 1595 3350 quae
1623 3287 1770 3330 cum
1801 3269 2013 3334 multis
2041 3270 2398 3338 admiranda
2435 3275 2666 3339 videre-

629 3520 633 3523 ‚
710 3467 778 3532 (*)
814 3467 891 3515 Ab
914 3481 972 3514 ea
1003 3482 1139 3536 nunc
1173 3482 1403 3533 quoque,
1446 3472 1660 3536 exceptis
1689 3474 1879 3539 aliquot
1908 3479 2061 3543 locis,
2098 3479 2116 3543 (
2142 3482 2268 3528 inter
2296 3495 2419 3540 quos
2449 3479 2510 3528 de
2539 3479 2660 3544 legis

648 3558 953 3621 actionibus,
979 3558 1139 3621 deque
1169 3556 1516 3622 suffragiorum
1554 3563 1727 3614 ordine
1769 3568 2131 3634 Qaestiones,)
2173 3568 2544 3634 temperandum
2566 3585 2663 3634 pu-

638 3650 866 3698 lavimus.

676 3755 679 3760 ·
709 3737 804 3800 (⁸*)
840 3735 900 3784 In
915 3737 1009 3785 viri
1030 3738 1233 3800 insignis
1252 3738 1402 3788 verbe
1434 3741 1569 3804 quod
1593 3760 1694 3792 non
1719 3746 1905 3810 ubique
1918 3746 2079 3812 juravi
2093 3782 2112 3811 ,
2137 3762 2230 3794 nec
2253 3747 2373 3811 ipse,
2396 3749 2437 3795 si
2459 3749 2662 3814 viveret,

645 3841 774 3888 aegre
805 3827 868 3873 sit
895 3827 1116 3896 ,laturus3
1145 3845 1239 3895 nec
1276 3830 1490 3898 tenuitas
1531 3849 1671 3899 mea,
1698 3836 1738 3882 si
1768 3836 1963 3899 cupiat,
2000 3835 2046 3883 ei
2070 3835 2342 3898 quidquam
2375 3838 2541 3900 gloriae
2573 3839 2660 3889 de-

644 3914 866 3962 traxerit.
905 3914 1109 3978 Egrcgia
1130 3917 1286 3966 multa
1311 3920 1530 3974 histor-iat
1559 3923 1664 3990 ejus
1687 3924 2034 3972 Romanorum
2058 3925 2144 3988 qui
2166 3924 2354 3973 sincere
2388 3927 2659 3992 mirentur,

639 4004 773 4052 docti
808 4008 858 4052 et
885 4020 1079 4068 sagaces
1101 4022 1202 4053 non
1226 4007 1435 4059 deerunt
1450 4028 1466 4076 5
1497 4012 1950 4075 fasciculoqerulos
1963 4049 1983 4080 ,
2009 4014 2251 4079 quidquid
2275 4014 2452 4066 dixerit
2468 4053 2486 4082 ,
2512 4021 2658 4069 etiam

639 4108 739 4148 nou
762 4094 887 4142 lecta
905 4127 923 4158 ,
950 4098 1008 4145 ut
1044 4095 1272 4160 oracula,
1295 4096 1539 4159 jactantes
1553 4101 1718 4149 minus
1738 4107 1952 4152 curaret.
