3111 4829
1540 348 1789 429 (402)

661 481 965 548 molliores
990 500 1189 545 mores
1211 500 1357 545 cum
1386 478 1739 544 divitiarum
1770 489 1831 544 et
1854 480 2115 546 luxuriae
2136 503 2371 567 amore,
2393 506 2432 549 a
2450 483 2687 550 Graecis

657 595 925 661 maxime
946 643 964 679 ,
1003 605 1321 660 consuetas
1368 594 1617 659 illarum
1668 594 1922 659 comites
1944 643 1962 679 ,
1991 595 2221 661 litteras
2256 608 2540 686 artesque
2578 623 2691 664 re-

654 710 970 773 tulerunt:
1012 706 1282 772 Graecia
1325 719 1524 794 capta
1559 709 1777 794 serum
1819 709 2129 774 victorem
2155 713 2369 797 cepit,
2399 723 2464 774 et
2502 723 2690 776 artes
2765 786 2771 790 ⁴
2839 685 2848 694 ⁹

653 823 888 890 intulit
916 823 1170 910 ayn-esti
1191 821 1393 885 Latio
1427 817 1513 908 1).

743 936 943 1022 Igitur
970 933 1048 999 ad
1069 943 1306 998 sextum
1327 933 1402 998 U.
1434 933 1503 1000 C.
1537 934 1834 997 saeculum
1861 934 2079 1021 exigua
2099 935 2438 1020 Romanis,
2467 959 2692 1024 quam-

650 1051 741 1114 vis
769 1049 1057 1115 cultiores
1093 1047 1257 1111 inter
1284 1047 1576 1133 populos»,
1619 1048 1902 1112 Etruscos
1946 1047 2311 1135 Graecosque
2333 1097 2351 1133 ,
2394 1072 2692 1116 crescen-

647 1164 851 1246 tibus,
878 1161 1221 1225 litterarum
1260 1161 1542 1225 cultura:
1576 1182 1765 1246 quam
1808 1171 2017 1225 tamen
2060 1183 2140 1226 ne
2168 1184 2410 1249 prorsus
2445 1166 2694 1232 nullam

647 1278 833 1342 fuisse
866 1274 1188 1340 credamus
1209 1324 1226 1358 ,
1276 1275 1622 1362 antiquiora
1672 1285 1877 1339 vetant
1911 1287 2250 1342 memorata
2288 1279 2693 1365 scriptoribus

648 1393 1051 1455 monumenta
1075 1437 1093 1473 ,
1124 1389 1550 1454 commentarii
1580 1390 1832 1475 Regum
1862 1388 1929 1476 2)
1955 1438 1972 1474 ,
1998 1390 2371 1456 Pontificum
2398 1394 2685 1478 annales,

645 1504 767 1571 XII
800 1502 1049 1567 Tabulae
1066 1550 1084 1585 ,
1108 1513 1223 1567 etc.
1254 1501 1280 1591 (
1294 1507 1356 1591 §.
1386 1502 1509 1565 261
1543 1511 1605 1565 et
1627 1502 1778 1568 318.
1798 1498 1825 1589 )
1847 1503 1883 1566 J
1890 1499 2407 1588 urisprudentiam
2434 1528 2691 1594 quoque

646 1617 672 1706 (
686 1613 748 1697 §.
780 1617 901 1680 271
941 1625 998 1680 et
1027 1611 1219 1702 421.)
1248 1625 1488 1679 mature
1514 1625 1576 1677 et
1599 1636 1825 1701 magno
1851 1614 2051 1681 studio
2079 1618 2405 1682 coluerunt
2427 1615 2536 1707 3);
2565 1642 2691 1685 nec

640 1753 782 1796 vero
831 1739 1107 1816 poemata
1130 1776 1149 1813 ,
1200 1749 1318 1792 nec
1343 1776 1361 1812 ,
1404 1739 1624 1814 praeter
1674 1729 2018 1814 pontificios
2062 1732 2312 1797 annales
2333 1781 2352 1816 ‚
2394 1730 2677 1799 historici

648 1865 893 1932 prorsus
930 1842 1282 1906 defuerunt.
1316 1842 1437 1907 Sed
1466 1843 1628 1906 inter
1663 1844 1850 1908 latine
1877 1845 2208 1911 scribentes
2237 1859 2399 1912 sexto
2423 1846 2686 1920 demum

636 1958 862 2046 „aeculo
889 1954 1178 2019 inclaruit
1211 1953 1289 2036 Q.
1322 1954 1547 2019 Fabius
1565 1952 1796 2040 Pictor3
1819 1956 2195 2043 antiquiores
2219 1971 2677 2046 memorantur,

568 2127 571 2132 .
642 2072 753 2159 qui
785 2092 982 2157 graece
1011 2069 1387 2155 scripserint.

710 2233 762 2296 1)
788 2232 863 2280 Ad
883 2231 1073 2280 Horatii
1093 2231 1270 2280 millies
1285 2232 1554 2297 repetitum
1573 2247 1663 2281 nos
1675 2267 1691 2296 ,
1713 2232 1850 2282 aliud
1868 2239 2096 2297 agentes:
2122 2234 2299 2284 Evehit
2315 2235 2379 2284 ad
2400 2249 2649 2284 summum
2668 2274 2687 2303 ‚

641 2321 777 2385 quod
799 2325 961 2370 tentat
979 2357 995 2384 ,
1018 2321 1208 2369 Graecia
1224 2321 1340 2369 felix
1361 2338 1373 2369 :
1400 2321 1642 2370 victorem
1659 2321 1867 2371 Romam
1889 2337 2032 2371 musa
2052 2327 2220 2372 secuta
2243 2325 2426 2374 serum.
2448 2339 2510 2364 -ὸ
2538 2325 2593 2392 2)
2611 2326 2695 2376 Cf.

638 2412 743 2462 cic.
760 2430 823 2478 p.
849 2413 907 2463 C.
927 2412 1060 2463 Rab.
1079 2411 1131 2462 5.
1150 2439 1215 2451 -
1234 2411 1286 2477 ὅ)
1308 2410 1385 2460 Cf.
1407 2411 1554 2460 Ποία.
1581 2411 1725 2461 Hiar.
1745 2411 1800 2462 J.
1819 2410 1889 2462 12.
1910 2408 1957 2480 ς.
1983 2410 2097 2462 112.
2121 2428 2265 2476 seqq.

728 2555 879 2616 402.
927 2553 1163 2636 Nempe
1206 2549 1357 2613 hinc
1399 2550 1734 2633 conjicias,
1777 2550 2060 2635 linguam
2111 2549 2393 2616 Latinam
2446 2550 2524 2616 ad
2575 2553 2686 2619 illa

640 2678 914 2748 tempora
945 2661 1166 2726 rudem
1194 2660 1632 2748 horridamque
1668 2663 1959 2728 mansisse
1984 2713 2002 2748 ,
2041 2663 2232 2751 idque
2261 2688 2389 2731 non
2418 2666 2688 2731 obscure

636 2787 934 2841 testantur
969 2799 1003 2840 e
1050 2775 1171 2840 XII
1208 2774 1454 2839 Tabulis
1497 2776 1739 2863 aliaque
1786 2776 2173 2864 fragmenta3
2210 2802 2333 2867 quo
2380 2778 2690 2848 trahenda

636 2912 893 2957 carmen
948 2890 1236 2954 Fratrum
1297 2888 1616 2953 Arvalium
1666 2887 1774 2980 (§.
1827 2888 2081 2978 323.)‚
2133 2913 2384 2958 carmen
2443 2893 2687 2962 Saliare

634 3002 730 3092 (§.
779 3000 1015 3091 326.),
1063 3002 1366 3068 Columna
1392 3004 1673 3067 Rostrata
1701 3000 1801 3093 (§.
1856 3001 2076 3090 426.).
2108 3005 2342 3072 Eadem
2384 3029 2560 3090 vero,
2610 3020 2690 3074 ut

635 3115 860 3180 duram
900 3138 1045 3180 sane
1071 3125 1258 3202 atque
1286 3125 1625 3202 agrestem,
1654 3115 1741 3179 sic
1761 3163 1781 3197 ‚
1801 3137 1928 3180 non
1952 3116 2137 3182 aliam
2178 3139 2425 3204 prorsus
2466 3130 2527 3183 et
2548 3121 2687 3185 ori-

631 3232 779 3317 gine
852 3225 916 3314 1)
960 3227 1256 3293 diversam
1314 3228 1618 3293 nascentis
1676 3229 1896 3292 Romae
1919 3277 1937 3311 ‚
1990 3250 2180 3316 quam
2220 3233 2446 3296 seriore
2503 3254 2634 3297 aevo
2665 3283 2685 3317 ‚

634 3345 921 3430 linguam
959 3343 1143 3406 fnisse
1163 3390 1180 3424 ,
1209 3352 1500 3428 arguunt.
1545 3341 1707 3405 Sunt
1735 3351 1942 3405 tamen
1960 3389 1979 3424 ‚
2009 3344 2121 3428 qui
2149 3342 2432 3409 Latinam
2462 3367 2498 3410 a
2526 3346 2681 3410 Ro—

631 3480 819 3527 mana
864 3454 1284 3541 distinguant:
1333 3454 1504 3519 illam
1553 3454 1716 3517 inter
1742 3453 2017 3519 Tiberim
2063 3466 2126 3519 et
2168 3456 2362 3521 Lirim
2393 3505 2412 3541 ,
2454 3459 2684 3524 Romae

636 3571 825 3634 etiam
861 3567 1201 3655 antiquitus
1229 3566 1568 3632 obtinuisse
1592 3565 1658 3656 2)
1674 3592 1693 3653 3
1717 3570 2064 3634 Romanam
2095 3573 2277 3657 paulo
2309 3585 2441 3659 post
2467 3576 2684 3662 Reges

636 3693 873 3747 exactos
917 3678 1330 3745 introductam
1378 3677 1487 3767 3);
1533 3681 1746 3746 Latina
1792 3692 2000 3746 tamen
2053 3681 2384 3750 duodecim
2413 3687 2687 3754 Tabulas

636 3796 1016 3880 compositas.
1053 3792 1337 3874 Quorum
1367 3793 1706 3859 rationibus
1733 3818 1953 3880 parum
1988 3818 2311 3862 movemur
2334 3847 2351 3881 ,
2383 3821 2501 3864 nee
2528 3822 2680 3867 vero

631 3908 782 3993 ipsis
805 3957 821 3990 ,
855 3906 1006 3994 quid
1039 3907 1265 3991 velint,
1294 3907 1527 3995 liquido
1551 3908 1842 3995 adparere
1861 3959 1878 3994 ‚
1910 3911 2341 3976 existimamus,
2367 3912 2681 3979 Dialectos

626 4045 709 4109 qu
725 4043 885 4108 oque
919 4021 1153 4107 linguae
1183 4021 1453 4109 Latinas,
1495 4023 1786 4091 rusticam
1812 4072 1830 4109 ,
1858 4023 2159 4089 urbanam
2191 4035 2250 4091 et
2279 4027 2678 4113 peregrinam
