3111 4829
1248 394 1495 479 (161)

374 529 662 615 Princeps
704 540 946 594 senatus
995 528 1227 615 dictus-3
1269 529 1442 615 isque
1470 529 1682 592 titulus
1705 527 2017 617 dignitatis
2042 578 2059 612 ,
2094 552 2218 594 non
2266 553 2388 615 po-

374 643 600 706 testatis
628 642 747 706 fuit
768 639 836 729 5)
861 691 879 725 ,
907 642 986 706 ob
1017 663 1275 728 eamque
1298 663 1428 705 rem
1456 640 1535 706 ab
1566 641 1841 727 Augusto
1857 691 1875 725 ,
1897 641 2036 706 ficta
2059 641 2347 707 modestia
2368 691 2387 726 ,

377 755 595 821 callide
618 768 918 822 assumtus
940 753 1030 845 6).

447 893 496 955 1)
520 894 572 957 5,
595 893 676 944 18.
706 920 771 932 —-
793 894 844 954 2,
862 894 937 941 Cf.
958 894 1174 943 Zamosc.
1196 893 1254 957 1,
1295 894 1345 943 9.
1370 918 1432 931 —-
1451 893 1504 952 ὅ)
1526 892 1601 941 Cf.
1627 891 1732 941 Liv.
1755 892 1819 942 39
1842 929 1856 955 ,
1881 893 1975 957 42,
2012 894 2104 954 45,
2137 894 2215 944 15.
2238 921 2302 931 -
2322 895 2354 943 4
2373 930 2391 957 ‚

380 981 497 1041 Huc,
512 983 763 1032 trahendas
781 988 912 1031 notae
925 989 1099 1032 senatu
1121 983 1266 1031 motis
1282 983 1539 1048 adscriptas
1551 999 1570 1048 3
1589 983 1650 1032 dc
1672 999 1773 1046 quo
1795 983 1902 1031 Liv.
1925 984 1989 1032 59
2010 1021 2027 1045 ,
2056 984 2123 1032 42
2150 1022 2165 1049 ,
2179 993 2394 1049 patrum

381 1075 619 1120 memoria
632 1074 923 1120 institutum
939 1072 1113 1135 fin-tur
1125 1108 1143 1137 ,
1168 1078 1230 1120 ut
1246 1088 1470 1120 censores
1486 1076 1634 1120 motis
1666 1079 1848 1122 senatu
1867 1073 2208 1122 adscriberent
2227 1082 2394 1123 notas.

382 1184 449 1200 ·-
470 1161 600 1224 5)v.
620 1162 728 1211 Liv.
752 1162 845 1223 27,
872 1162 955 1213 11.
981 1189 1046 1203 -
1066 1163 1119 1228 6)
1145 1164 1220 1211 Cf.
1246 1164 1346 1211 Tac
1368 1165 1511 1212 Anu.
1537 1163 1562 1212 1
1582 1198 1598 1226 ,
1627 1163 1676 1213 1.

476 1301 627 1365 176.
676 1301 756 1364 Ut
802 1304 1069 1383 patricii,
1114 1301 1200 1361 sic
1258 1315 1560 1363 senatores
1607 1306 1913 1382 majorum
1960 1316 2021 1364 et
2083 1308 2398 1369 minorum

386 1412 666 1500 gentium
696 1410 1159 1496 distinguuntur
1185 1408 1210 1497 (
1230 1416 1291 1497 ς.
1321 1407 1513 1494 130.)
1546 1410 1752 1473 Patres
1791 1414 2157 1499 conscriptos
2179 1465 2196 1499 ,
2231 1415 2403 1505 (quo

384 1521 777 1591 referendum
802 1570 820 1606 ,
844 1524 912 1586 in
928 1524 1190 1586 formula
1220 1520 1282 1609 1)
1304 1524 1690 1588 convocantis
1709 1526 2025 1609 praeconis,
2046 1532 2162 1614 qui
2175 1552 2264 1615 pa
2274 1542 2404 1597 tres

389 1643 576 1730 quive
600 1640 954 1723 conscripti
985 1631 1280 1721 essent,)
1311 1646 1585 1701 veterum
1616 1638 1720 1701 alii
1755 1640 1870 1703 sub
1898 1639 2112 1724 primis
2156 1643 2407 1707 Consu-

388 1752 552 1817 libus
569 1750 832 1837 adjectos
853 1799 870 1833 ,
899 1749 1001 1812 alii
1026 1771 1060 1814 e
1078 1749 1376 1813 Romanis
1398 1761 1458 1812 et
1502 1750 1747 1814 Sabinis
1781 1753 2141 1835 conjunctos
2172 1756 2409 1822 faciunt

397 1862 488 1952 2).
515 1862 637 1928 Sed
659 1886 729 1928 ea
752 1861 1061 1926 distinctio
1087 1911 1103 1945 ,
1127 1862 1176 1923 si
1198 1883 1323 1925 nou
1346 1860 1487 1925 ficta
1507 1911 1523 1944 ,
1550 1872 1686 1947 post
1710 1911 1727 1945 ,
1756 1875 1920 1928 certe
1943 1865 2010 1928 in
2033 1871 2410 1935 senatoribus

397 1976 816 2065 alloquendis,
843 1976 1117 2062 neglecta
1147 1987 1236 2040 est
1260 2024 1277 2058 ,
1308 1977 1418 2063 qui
1446 2025 1462 2058 ,
1492 1987 1566 2041 ut
1588 1976 1756 2041 cives
1776 1978 2080 2064 Quirites,
2107 1981 2193 2046 sic
2213 1994 2412 2067 patres

400 2092 725 2176 conscripti
765 2089 1013 2153 honoris
1038 2110 1221 2153 causa
1264 2086 1568 2171 adpellati.
1613 2090 1705 2154 De
1734 2089 1996 2174 pedariis
2038 2094 2414 2159 senatoribus

400 2204 624 2291 duplex
669 2201 833 2287 apud
870 2201 1144 2265 Gellium
1189 2198 1255 2287 3)
1293 2202 1592 2265 sententia
1619 2249 1636 2284 ,
1661 2203 1866 2296 'altera
1888 2251 1905 2285 ,
1935 2204 2180 2291 inepta,
2225 2229 2416 2272 curru

400 2317 542 2382 vehi
571 2318 637 2379 in
661 2325 941 2378 senatum
962 2311 1132 2377 haud
1158 2312 1399 2377 licuisse
1418 2362 1435 2396 ,
1471 2314 1659 2378 altera
1680 2364 1697 2399 ,
1749 2316 1814 2378 in
1871 2317 2136 2383 aliorum
2167 2333 2417 2386 senteu-

403 2434 552 2497 tiam
576 2481 592 2512 ,
644 2453 766 2495 non
823 2452 1103 2495 concessa
1139 2431 1381 2515 propria
1405 2479 1422 2513 ,
1469 2442 1725 2516 euntes,
1777 2432 2051 2518 pedarios
2075 2484 2092 2518 ,
2124 2446 2417 2526 tanquam

401 2543 665 2632 pedibus
702 2545 1062 2608 sententiam
1110 2543 1379 2609 dicentes
1417 2541 1518 2630 4),
1567 2545 1896 2631 adpellatos
1922 2553 2089 2633 esse3
2132 2573 2254 2637 quo
2289 2564 2418 2619 tra-

404 2657 594 2726 hendi
647 2657 965 2740 videntur,
1018 2657 1243 2743 quibus
1270 2656 1375 2741 jus
1422 2658 1489 2720 in
1535 2670 1816 2724 senatum
1863 2663 2148 2727 veniendi
2192 2666 2419 2750 fuisse,

406 2771 588 2837 modo
615 2771 878 2835 diximus
904 2819 921 2853 ,
961 2771 1111 2857 quin
1134 2782 1435 2836 senatores
1466 2784 1667 2848 essent
1693 2798 1711 2857 ;
1743 2773 1909 2839 unde
1940 2776 2006 2839 in
2032 2777 2215 2842 edicti
2259 2802 2423 2844 con-

407 2888 673 2952 vocantis
694 2886 956 2949 formula
976 2897 1305 2949 senatores
1329 2887 1682 2973 quibusque
1698 2890 2015 2952 insenum
2035 2896 2426 2958 sententiam

414 3001 627 3067 dicere
668 3001 822 3064 licet
851 2996 939 3085 5).
985 2998 1257 3083 Insignia
1294 3010 1641 3070 senatorum
1689 3000 1844 3063 latus
1893 3002 2096 3064 clavus
2167 3003 2425 3092 (tunica

409 3112 785 3201 laticlavia),
840 3111 919 3176 ab
976 3109 1300 3196 Equitibus
1359 3111 1777 3199 distinguenS,
1840 3115 2064 3201 quibus
2131 3129 2428 3203 angustus

418 3227 519 3317 (ς.
550 3229 693 3295 137.
724 3224 787 3313 ),
821 3237 881 3290 et
907 3224 1095 3289 calcei
1118 3225 1280 3307 nigri
1304 3221 1371 3311 6)
1398 3275 1415 3308 ,
1446 3227 1511 3289 in
1548 3227 1775 3312 quibus
1800 3228 1860 3310 §.
1908 3233 2053 3292 131.
2092 3245 2427 3308 memorata

414 3340 590 3405 nobis
638 3342 784 3404 luna
830 3335 937 3425 7),
986 3336 1152 3401 unde
1188 3338 1394 3403 lunata
1438 3341 1652 3424 pellis,
1700 3342 1904 3426 planta
1949 3339 2037 3429 8).
2063 3343 2136 3406 In
2158 3343 2426 3430 theatro,

415 3464 547 3539 post
592 3452 842 3516 omnino
877 3452 941 3513 in
977 3452 1331 3535 spectaculis
1359 3451 1615 3548 iisdem,
1650 3452 1767 3541 (cf.
1805 3458 1868 3539 ς.
1903 3453 2099 3543 348.)
2135 3467 2206 3519 ut
2232 3458 2429 3544 Equi-

416 3568 621 3654 tibus,
655 3566 935 3653 proprius
968 3566 1136 3630 locus
1159 3616 1178 3651 ,
1210 3565 1514 3632 orchestra
1534 3565 1626 3655 9).

488 3730 540 3796 1)
566 3731 745 3781 v.1.iv.
764 3732 798 3780 2
818 3732 980 3797 ,1.-—
996 3729 1048 3796 2)
1073 3730 1148 3780 Cf.
1173 3730 1281 3780 Liv.
1297 3731 1330 3780 Ξ
1347 3768 1364 3795 ,
1389 3732 1448 3796 1,
1468 3732 1602 3782 Fest.
1621 3732 1672 3780 in
1683 3735 1974 3797 conscripti,
1992 3733 2155 3798 Lydus
2175 3733 2427 3799 dsMaqg.

425 3824 448 3873 1
474 3859 490 3887 ,
516 3825 596 3874 16.
625 3853 682 3862 —-
703 3825 755 3891 3)
778 3825 809 3873 3
824 3861 838 3888 ‚
861 3824 941 3873 18.
979 3852 1026 3864 -
1049 3824 1100 3888 4)
1124 3826 1232 3873 Huc
1245 3825 1465 3873 referunt
1482 3841 1679 3873 versum
1697 3824 1891 3873 Laberii
1914 3834 2070 3889 caput
2100 3829 2208 3874 sine
2227 3826 2432 3888 linqua,

418 3916 636 3979 pedurio
652 3921 897 3964 cementa:
915 3925 1004 3966 est.
1026 3944 1090 3956 —
1112 3915 1165 3974 5)
1190 3915 1315 3963 Gell.
1359 3915 1429 3962 ib.
1453 3938 1511 3956 -v
1534 3915 1586 3975 6)
1621 3915 1696 3962 Cf.
1720 3914 1838 3963 Hor.
1864 3915 1974 3966 Sat.
2001 3915 2058 3978 1,
2081 3915 2112 3964 6
2134 3952 2149 3978 ,
2188 3914 2270 3964 27.
2296 3942 2354 3954 ·-
2376 3915 2438 3976 7)

425 4004 503 4052 Cf.
525 4006 708 4056 Juveu.
726 4006 837 4056 Sat.
859 4006 892 4054 7
914 4043 930 4067 .,
960 4006 1053 4055 192
1071 4029 1133 4044 --
1154 4003 1207 4067 8)
1226 4006 1369 4054 Mart.
1395 4004 1452 4066 1,
1476 4003 1540 4053 50
1559 4002 1657 4064 ‚⁷51
1683 4040 1698 4068 ‚
1722 4004 1757 4052 2
1774 4041 1790 4066 ‚
1814 4004 1877 4053 20
1902 4043 1916 4066 ‚
1949 4003 2001 4053 7.
2027 4004 2168 4069 -9)
2197 4004 2272 4052 cf.
2297 4005 2434 4054 Suet.

429 4093 556 4143 Coa.
578 4096 672 4159 3⁰,
694 4096 835 4160 Auq.
859 4094 941 4145 44.
967 4096 1232 4146 Orchestra
1246 4092 1493 4145 interdum
1512 4108 1603 4157 pro
1634 4099 1840 4144 unctus
1867 4095 1883 4157 (
1905 4094 1980 4143 Cf.
2005 4094 2228 4217 .ῖὲκῖηῶ
2250 4130 2265 4160 ,
2287 4084 2441 4157 178.)
