3111 4829
2091 347 2099 378 ὅ

1471 371 1495 454 (
1533 368 1657 431 350
1696 368 1722 451 )
1864 433 1873 436 ,

615 545 622 550 -
674 504 825 567 354.
871 505 946 567 In
998 503 1324 570 Comoediis
1367 515 1427 570 et
1474 502 1789 591 tragoediis
1825 501 2225 588 distinguitur
2272 510 2481 585 togata
2507 495 2614 566 ve}

582 627 924 705 praetextata
947 641 981 683 a
1003 620 1271 704 palliata,
1296 620 1404 684 illa
1425 618 1729 700 Romani,
1752 615 1884 680 baec
1905 615 2108 680 Graeci
2134 615 2489 701 argumenti
2518 611 2607 703 1);

584 729 896 796 comoediae
907 732 1156 819 insuper
1178 734 1353 820 plura
1376 754 1637 819 genera:
1667 730 1969 813 Atellam,
1993 727 2385 811 Tabernaria,
2408 726 2612 793 Rhin-

589 844 821 929 tonica,
867 846 1259 933 Planipedia‚
1290 858 1406 913 etc.
1455 842 1546 934 2).
1581 844 1791 910 Serius
1812 893 1831 927 ,
1860 841 2330 929 praevalentibus
2357 841 2567 905 mimis
2591 889 2609 924 ,

588 957 758 1022 unde
803 960 1164 1044 pantomimi
1207 957 1312 1048 3),
1354 958 1657 1024 comoedia
1698 969 1759 1022 et
1806 954 2102 1042 tragoedia
2153 955 2450 1040 neglectae
2501 952 2612 1041 4),

588 1071 884 1136 Romanis
913 1075 1161 1138 aurium
1200 1073 1648 1158 oculorumque
1691 1069 2161 1136 oblectationem
2196 1066 2395 1153 potius
2423 1089 2614 1154 quam

589 1185 915 1271 ingenium
954 1199 1272 1275 artemque
1299 1187 1720 1275 flagitantibus
1752 1183 1844 1275 5).
1885 1184 2089 1252 Simul
2117 1184 2183 1247 in
2222 1180 2458 1248 deliciis
2485 1204 2616 1246 esse

588 1321 827 1386 coepere
854 1303 1315 1389 praestigiatores
1344 1302 1702 1393 (acetabula
1726 1300 1835 1391 6),
1872 1301 2135 1384 calculi,
2159 1293 2568 1378 ψῆφοι-σείεται·
2592 1342 2614 1380 ,

591 1415 976 1501 petauristae‚
1003 1416 1397 1500 funambuli,
1428 1417 1737 1482 moriones
1761 1414 1869 1505 7),
1900 1413 2061 1504 etc.)

682 1529 939 1595 Fabulas
985 1530 1251 1616 agendas
1298 1531 1483 1616 vulgo
1537 1530 1619 1595 ab
1668 1529 2023 1595 auctoribus
2068 1526 2304 1594 AEdiles
2361 1529 2617 1614 emisse,

596 1650 739 1706 nota
782 1662 878 1705 res
913 1652 1002 1706 est
1053 1639 1143 1728 8).
1178 1642 1251 1707 ln
1289 1643 1530 1707 actione
1577 1665 1726 1707 cum
1775 1644 1897 1707 alia
1943 1643 2116 1707 nobis
2155 1642 2412 1707 obscura
2436 1689 2455 1724 ,
2485 1652 2622 1707 tum

594 1776 802 1820 versus
840 1754 1138 1820 recitandi
1172 1752 1553 1843 (canendi),
1612 1779 1821 1844 neque
1860 1756 2070 1820 minus
2108 1776 2305 1820 scenae
2334 1752 2626 1819 ornandae

598 1868 922 1956 omnisque
951 1868 1179 1935 scenici
1205 1867 1529 1957 adparatus
1555 1872 1730 1936 ratio.
1757 1868 2209 1935 Recitationem
2235 1866 2399 1931 tibiae
2427 1865 2625 1930 modis

600 1980 906 2074 (dextrae,
948 1984 1238 2069 sinistrae‚
1284 2009 1498 2072 pares,
1544 1981 1851 2071 impares)
1903 1993 2301 2069 temperatam
2326 2030 2344 2066 ,
2395 1991 2627 2045 veteres

599 2095 821 2163 docent
852 2094 918 2187 9)
943 2123 960 2183 3
992 2123 1074 2164 an
1116 2111 1237 2165 tota
1266 2101 1475 2165 fabula
1495 2089 1526 2183 ,'
1557 2110 1645 2164 est
1677 2120 1821 2163 sane
1845 2147 1862 2182 ‚
1897 2120 2012 2162 cur
2040 2095 2395 2160 dubitemus
2420 2105 2629 2178 ,certe

598 2204 833 2298 'genera
866 2211 1335 2300 distinguamus·
1368 2211 1740 2277 Alteriusad
1772 2211 1986 2275 tibiam
2015 2222 2269 2276 cantum
2299 2220 2474 2274 motu
2499 2207 2633 2273 his-

604 2325 817 2389 trionis
844 2337 1052 2391 actum
1074 2375 1092 2412 ,
1119 2339 1179 2392 et
1205 2325 1487 2391 histrioni
1517 2321 1792 2390 diverbia
1821 2336 2067 2390 tantum
2092 2325 2303 2390 relicta
2333 2333 2633 2388 memorat

601 2434 808 2504 Livius
833 2440 874 2504 l.
907 2463 963 2507 c.
993 2443 1084 2507 De
1110 2443 1301 2507 mimo
1330 2468 1387 2509 v.
1421 2456 1479 2507 et
1506 2441 1566 2525 §.
1604 2447 1755 2509 305.

670 2623 724 2687 1)
747 2622 824 2671 Cf.
845 2623 967 2672 Hor.
990 2623 1062 2673 ib.
1082 2624 1149 2674 157
1170 2660 1188 2687 ‚
1209 2628 1263 2674 et
1281 2625 1352 2673 A.
1375 2626 1441 2675 P.
1464 2624 1592 2692 288.
1613 2652 1676 2664 —
1697 2625 1750 2687 2)
1777 2625 1854 2675 Cf.
1877 2626 2054 2675 Donati
2087 2626 2286 2689 fragm.
2328 2625 2391 2672 do
2413 2624 2553 2673 Com.
2579 2630 2633 2671 σε

610 2712 669 2762 T
663 2729 774 2775 ray.
792 2749 808 2776 ,
830 2710 994 2776 Lydus
1015 2715 1078 2761 do
1102 2712 1377 2778 Maqialrr.
1404 2714 1432 2763 1
1452 2749 1473 2780 ,
1494 2715 1562 2765 4⁰
1580 2751 1599 2779 5
1621 2716 1867 2765 Reuvens.
1890 2716 2080 2764 collect.
2103 2715 2352 2763 Remo-ob
2369 2748 2385 2775 ‚
2409 2727 2522 2775 pag.
2546 2709 2631 2759 2⁴.

606 2819 719 2866 sqq.
745 2829 808 2839 —
827 2801 880 2866 3)
903 2801 977 2850 Cf.
1002 2803 1206 2868 Pignor.
1230 2806 1291 2852 de
1323 2804 1495 2854 Servis
1518 2820 1571 2869 p.
1599 2804 1693 2854 184
1712 2841 1727 2869 ‚
1751 2805 1923 2868 ibique
1948 2804 2000 2851 in
2020 2803 2173 2852 veteri
2194 2802 2545 2867 epigrammate
2564 2826 2633 2840 --

607 2900 678 2942 tot
698 2894 892 2956 linquet
911 2929 927 2956 ‚
951 2900 1075 2957 quo!
1094 2893 1317 2943 membra
1343 2897 1470 2943 viro.
1489 2921 1554 2932 —
1577 2894 1630 2959 4)
1655 2894 1732 2943 Cf.
1759 2895 1865 2942 Ast.
1893 2894 2125 2943 Grundr.
2149 2893 2202 2940 d.
2226 2892 2416 2942 Philet.
2440 2907 2493 2955 p.
2515 2890 2634 2941 429.

606 3007 671 3020 —-
688 2982 740 3043 5,
766 2983 842 3031 CC.
865 2983 986 3032 Hor.
1004 2983 1118 3048 Ep.
1138 2984 1200 3047 2,
1228 2984 1285 3047 1,
1307 2982 1422 3033 182.
1462 2998 1652 3046 sqq.—
1668 2982 1721 3047 θ)
1746 2982 1861 3031 Sen.
1883 2981 1995 3046 Ep.
2020 2980 2085 3030 45
2104 3016 2120 3043 ,
2136 3007 2204 3018 —
2233 2981 2480 3044 quomodo
2494 2995 2634 3043 pro-

606 3078 927 3140 stiqiatorum
944 3075 1207 3126 acetabula
1243 3082 1292 3124 et
1313 3074 1504 3124 calculi
1514 3109 1534 3139 ,
1560 3076 1620 3123 in
1651 3074 1840 3138 quibu
1867 3071 2085 3134 saltada
2107 3074 2225 3135 ipsa
2245 3071 2472 3119 demeat.
2493 3097 2555 3107 -
2578 3058 2635 3120 ⁷)

607 3166 685 3214 Cf.
706 3164 907 3229 Pignor.
945 3167 1007 3214 de
1025 3165 1215 3216 Smin.
1241 3163 1354 3229 pag.
1380 3163 1474 3214 187
1495 3200 1512 3227 ‚
1545 3163 1635 3212 ubi
1670 3166 1722 3213 et
1741 3162 1910 3212 icones
1932 3161 2213 3211 morionum
2232 3187 2293 3201 --
2314 3159 2368 3220 8)
2391 3160 2467 3209 Cf.
2492 3159 2635 3208 Ovid.

614 3254 778 3304 Triet.
801 3255 864 3320 2,
888 3252 1005 3303 207.
1040 3281 1100 3291 —
1123 3254 1179 3316 9)
1198 3253 1264 3304 V.
1285 3254 1392 3303 Liv.
1414 3253 1448 3304 7
1467 3289 1485 3318 ‚
1519 3254 1554 3303 2
1574 3288 1592 3317 ‚
1615 3252 1737 3301 Hor.
1760 3254 1828 3301 A.
1852 3252 1918 3301 P.
1958 3251 2166 3301 902-15.
2192 3251 2267 3299 Cs-
2305 3249 2449 3300 Ovid.
2487 3250 2635 3301 fase.

608 3345 641 3395 6
660 3381 674 3409 ‚
699 3343 816 3394 659.

702 3486 854 3549 355.
904 3485 1308 3550 Personarum
1338 3481 1666 3574 (ει-μέσατοι)
1695 3533 1713 3568 ,
1751 3482 1920 3549 unde
1945 3494 2303 3570 personatus
2328 3480 2429 3570 1),
2450 3502 2641 3547 usum

610 3596 882 3662 Romani
915 3620 1062 3664 cum
1102 3599 1247 3685 ipsis
1285 3599 1510 3665 sabulis
1546 3622 1586 3665 a
1626 3598 1857 3664 Graecis
1897 3605 2268 3685 acceperunt
2309 3590 2419 3680 2):
2463 3613 2634 3678 quae,

614 3724 812 3778 totum
857 3727 1043 3802 caput
1084 3726 1359 3803 tegentes
1383 3765 1402 3800 ,
1444 3714 1709 3803 ideoque
1748 3713 1984 3800 capillis
2027 3707 2397 3778 adornandae
2418 3755 2437 3791 ‚
2479 3708 2642 3773 facie

608 3825 686 3889 ad
705 3828 1014 3893 fortunam
1035 3840 1329 3913 ,oetatem,
1348 3830 1678 3916 ingenium
1704 3878 1721 3913 ‚
1741 3828 2046 3909 animum,
2071 3821 2490 3890 exhibendum
2511 3823 2645 3887 {in-³

617 3939 919 4026 gebantur
947 3939 1048 4030 3);
1083 3942 1252 4008 unde
1283 3965 1548 4027 necesse,
1580 3944 1839 4029 tragicas
1870 3965 1907 4007 a
1930 3939 2181 4006 comicis
2217 3935 2520 4024 distingui
2551 3932 2643 4024 4);

616 4051 891 4141 utrisque
916 4064 1123 4120 tamen
1154 4078 1220 4121 os
1251 4055 1430 4123 hians
1460 4054 1564 4143 5),
1588 4055 1878 4143 idemque
1899 4052 1978 4119 ad
2000 4074 2221 4119 sonum
2245 4101 2264 4137 ,
2299 4051 2467 4118 unde
2496 4072 2644 4137 per-
