3111 4829
1271 366 1521 450 (185)

498 567 1056 680 MAGISTRATUS
1102 569 1468 636 MAJORES
1513 571 2247 648 EXTRAORDINARII.

972 753 1287 796 [maxx
1330 755 1409 795 m·
1454 754 1791 800 mGTA'ron.

464 903 615 964 200.
666 897 901 961 Mortuo
921 896 1124 983 Rege,
1152 921 1346 980 unm,
1367 899 1492 982 vel,
1524 899 1572 962 si
1596 900 1837 964 Livium
1868 901 1932 989 1)
1958 904 2186 989 potius,
2209 927 2397 992 quam

370 1010 735 1099 Dionysium
775 1007 841 1095 2)
872 1010 1201 1094 probamus
1225 1061 1242 1092 ,
1272 1007 1519 1076 decuria
1560 1026 1945 1099 senatorum,
1996 1038 2121 1080 uno
2151 1018 2399 1104 imperii

375 1128 640 1213 insignia
662 1129 1025 1215 lictoresque
1047 1125 1313 1190 habente
1332 1174 1349 1208 ,
1376 1149 1681 1192 summam
1707 1128 2060 1213 reipublicae
2078 1153 2189 1216 per
2210 1133 2401 1219 quin-

380 1264 503 1329 que
548 1241 675 1306 dies
725 1243 970 1306 tenebat
998 1238 1101 1328 3),
1148 1239 1512 1304 succedente
1546 1236 1643 1305 vel
1683 1237 1973 1326 decuria,
2013 1244 2105 1307 vel
2147 1244 2408 1332 singulis

382 1354 779 1460 sepatoribus,
803 1354 1143 1438 eodemque
1165 1353 1382 1415 ordine
1401 1354 1478 1414 ad
1496 1354 1686 1414 finem
1710 1357 2046 1443 interregni
2072 1374 2302 1428 servato
2322 1362 2414 1452 4).

383 1471 510 1535 Mos
532 1521 548 1554 ,
573 1470 834 1534 durante
877 1469 1156 1532 libertate
1180 1517 1197 1551 ,
1226 1478 1530 1550 retentus,
1558 1489 1755 1554 quum
1782 1482 1890 1535 aut
1913 1476 2183 1560 auspicia
2221 1503 2417 1543 reno-

393 1583 586 1650 venda
610 1585 635 1675 <
654 1584 713 1669 §.
748 1587 893 1648 158.
915 1579 974 1672 ),
1015 1593 1123 1646 aut:
1151 1603 1297 1645 casu
1321 1581 1708 1668 magistratus
1751 1584 2005 1651 maximi
2042 1582 2137 1654 vel
2172 1564 2417 1657 nulliin

393 1699 709 1786 republica
733 1746 750 1781 ,
782 1697 879 1762 vel
910 1694 1171 1761 comitiis
1218 1694 1424 1761 adesse
1460 1719 1586 1762 non
1615 1710 1885 1784 possent,
1929 1701 2078 1766 alias
2114 1703 2419 1771 Dictatore

393 1814 419 1906 (
441 1819 502 1902 §,
530 1816 679 1878 201.
708 1811 768 1901 ),
794 1813 941 1877 alias
959 1813 1315 1899 Interrege,
1350 1834 1548 1900 eoque
1578 1835 1817 1901 semper
1844 1815 2100 1903 patricio
2133 1829 2195 1883 et
2225 1842 2264 1885 a
2302 1843 2417 1907 pa·-

397 1926 590 1990 triciis
624 1937 825 1992 creato
854 1923 948 2013 5).

470 2110 521 2171 1>
547 2111 570 2161 1
601 2147 616 2175 ‚
641 2112 722 2162 17.
747 2112 874 2172 —2)
892 2110 1125 2173 2,57.-
1148 2110 1201 2174 5)
1224 2111 1299 2158 Cf.
1324 2110 1468 2159 ovid.
1493 2110 1639 2160 Fau.
1657 2110 1690 2160 ὅ
1711 2147 1727 2175 ,
1758 2110 1885 2176 127,
1910 2112 2118 2163 Grimm.
2141 2115 2203 2163 ad
2225 2110 2432 2181 Dionys.

402 2201 440 2248 1.
468 2216 517 2248 c.
533 2237 549 2264 ‚
583 2200 915 2250 Wachsmuth
937 2200 1060 2249 AEle.
1084 2200 1262 2249 δισσὴ.
1285 2216 1398 2265 pag.
1427 2198 1625 2268 1413-
1643 2199 1697 2264 4)
1718 2197 1794 2250 Cf.
1818 2202 2075 2253 Wachsm.
2102 2203 2175 2253 ih.
2194 2204 2322 2269 —5)
2344 2202 2420 2253 Cf.

404 2286 510 2339 Liv.
536 2290 596 2354 6,
613 2289 698 2339 41.

500 2479 650 2540 201.
699 2475 1020 2540 Dictatoris
1040 2523 1058 2559 ‚
1111 2478 1321 2561 paucis
1369 2489 1501 2563 post
1531 2478 1738 2565 Reges
1784 2481 2062 2565 expulsos
2103 2482 2283 2545 annis
2315 2481 2380 2570 1)
2407 2527 2425 2563 ,

406 2586 655 2654 creandi
671 2609 851 2651 eausa
866 2588 1059 2651 fertur
1079 2586 1417 2651 Consulum
1436 2590 1764 2656 imminuta
1780 2593 1917 2677 lege
1930 2591 2170 2660 Valeria
2187 2592 2273 2682 (§.
2290 2595 2330 2657 7
2344 2591 2431 2681 1.)

408 2712 670 2789 potestas
700 2749 717 2783 ,
763 2712 823 2764 et
860 2722 1120 2786 praesens
1163 2700 1518 2787 reipublicae
1563 2704 1909 2789 periculum
1934 2754 1952 2785 ‚
1996 2706 2151 2769 Latii
2193 2706 2433 2792 populis

408 2818 475 2881 in
523 2815 875 2896 Romanos,
929 2818 1292 2879 concitante
1344 2815 1616 2881 Octavio
1681 2817 2035 2893 Mamilia,
2085 2819 2434 2903 conjuran-

410 2930 573 2994 tibus
616 2925 705 3016 2).
746 2928 1091 3009 Caeterum,
1145 2950 1263 2992 nee
1304 2928 1381 2993 de
1419 2951 1616 3012 anno,
1675 2952 1792 2994 nec
1831 2930 1912 2994 de
1949 2931 2203 2995 nomine
2251 2933 2434 3016 primi

413 3043 732 3109 Dictatoris
765 3044 926 3105 inter
950 3053 1180 3106 veteres
1226 3043 1511 3106 convenit
1540 3039 1631 3129 3).
1668 3043 1964 3127 Ejusdem
1992 3043 2261 3106 nominis
2286 3065 2436 3108 ma·-

417 3159 735 3244 gistratum
760 3156 988 3220 Latinis
1010 3156 1196 3220 fuisse
1222 3204 1238 3238 ‚
1275 3156 1415 3219 satis
1440 3167 1672 3220 constat
1699 3152 1787 3242 4).
1819 3154 2122 3224 Vocabuli
2158 3154 2322 3218 varia
2345 3166 2441 3220 est:

416 3270 851 3359 interpretatio.
888 3269 1012 3332 Alii
1034 3270 1406 3334 Dictatorem
1429 3269 1604 3354 quasi
1625 3267 1861 3331 dictum
1882 3266 2005 3330 sive
2033 3276 2309 3332 creatum
2335 3264 2403 3354 5)
2426 3318 2446 3354 ‚

419 3383 524 3448 alii
554 3386 729 3471 quasi
770 3383 983 3448 edictis
1012 3384 1134 3447 sive
1179 3382 1364 3467 jussis
1407 3382 1857 3468 gubernantem
1896 3378 2269 3464 adpellatum
2315 3401 2444 3445 esse

422 3497 634 3562 volunt
655 3494 743 3583 6).
770 3495 942 3560 Idem
959 3494 1247 3580 magister
1267 3494 1475 3579 populi
1496 3503 1739 3557 vocatus
1753 3487 1841 3577 7).
1863 3494 1954 3556 De
1974 3490 2153 3576 plebe
2173 3491 2445 3576 primum

425 3632 551 3674 esse
582 3610 815 3675 dictum
864 3609 890 3698 (
934 3632 989 3674 a.
1037 3611 1188 3672 399.
1233 3604 1261 3694 )
1328 3606 1396 3671 C.
1449 3605 1755 3670 Marcium
1807 3605 2184 3669 Mamercum
2216 3652 2234 3685 ,
2280 3605 2446 3669 testis

428 3720 630 3785 Livius
651 3718 739 3809 8).
769 3720 924 3801 Quae
948 3719 1157 3802 initio,
1178 3716 1394 3782 eadem
1416 3727 1620 3803 postea
1650 3715 1971 3781 Dictatoris
1999 3713 2248 3779 creandi
2268 3735 2452 3782 causa

428 3835 590 3918 fuit,
628 3856 943 3899 summum
981 3833 1279 3915 civitatis,
1318 3833 1487 3896 velut
1514 3829 1904 3917 tyrannidem
1934 3831 2264 3894 metuentis
2286 3879 2304 3916 ,
2344 3841 2454 3899 aut

431 3948 731 4015 discordia
782 3930 1128 4036 flagrantis,
1172 3958 1281 4013 aut
1315 3947 1395 4012 ab
1430 3945 1709 4012 hostibus
1748 3943 2170 4012 vehementius
2192 3968 2411 4031 pressae
2434 3997 2452 4031 ,

434 4063 770 4129 discrimen
793 4059 881 4147 9).
913 4061 1032 4126 Sed
1059 4061 1224 4127 idem
1248 4062 1381 4127 aliis
1400 4082 1649 4148 quoque
1675 4059 1754 4125 de
1782 4059 1978 4127 causis
2018 4068 2255 4204 efflatus
2281 4060 2457 4125 iuve-
