3111 4829
1214 385 1467 475 (465)

348 526 651 592 saltatricis
676 522 979 611 pellucida
1006 533 1166 590 veste
1187 573 1204 608 ‚
1232 520 1545 591 interdum
1575 526 1743 592 nudo
1773 543 2066 613 corpore,
2107 538 2169 592 et
2194 545 2345 593 ma·-

351 641 433 726 gis
463 639 694 703 lascivis
733 639 997 703 motibus
1031 639 1312 704 obscoena
1342 636 1429 726 4).
1455 639 1782 703 Decentior
1807 640 2349 706 coenaeoblectatio

349 753 553 819 Graeco
579 752 867 817 vocabulo
896 772 1173 818 acroama
1200 764 1402 817 vocata
1424 802 1440 835 ,
1463 775 1586 839 quo
1614 754 1759 817 alias
1787 753 2201 818 recitationem
2226 754 2351 818 sive

349 867 699 949 lectionem,
723 865 888 952 quod
915 888 1142 930 munus
1166 879 1510 952 anagnostae
1533 866 1628 957 (§.
1660 863 1852 954 494.)
1878 915 1894 949 ‚
1919 867 2065 931 alias
2101 878 2355 931 cantum

348 991 449 1045 aut
492 980 884 1044 instrumenti
924 1002 1181 1065 sonum,
1226 979 1476 1044 omuino
1525 1002 1703 1045 aures
1744 979 2081 1046 mulcentia
2118 978 2356 1044 intelli-

354 1103 504 1180 gunt
530 1089 618 1180 5).
648 1094 792 1159 Haec
819 1091 896 1158 de
920 1093 1106 1159 victu.

414 1281 463 1341 1)
483 1280 548 1330 V.
566 1281 803 1331 Cremero
822 1317 837 1343 ‚
859 1278 904 1349 §.
926 1279 1042 1330 287.
1056 1316 1071 1343 ,
1092 1280 1308 1341 laudata,
1329 1277 1608 1329 Groddeck.
1628 1283 1889 1346 antiquar.
1912 1281 1970 1330 V
1962 1284 2170 1332 &tucho
2188 1319 2206 1347 ,
2228 1288 2358 1334 erute

353 1367 548 1420 Samml.
572 1387 624 1436 p.
650 1369 762 1420 163.
786 1387 898 1434 sqq.
917 1407 934 1432 ,
957 1371 1167 1434 Jacobs,
1188 1372 1241 1418 in
1262 1370 1511 1419 Wieland.
1536 1372 1733 1421 Aun‘ecls
1754 1372 2000 1420 Muscam
2042 1372 2143 1420 111.
2168 1388 2219 1437 p.
2234 1370 2359 1423 n⁴175.

352 1460 511 1510 Plaut.
539 1460 692 1510 Tra‘n.
717 1451 749 1509 4
765 1497 780 1523 ,
816 1461 875 1523 5,
912 1457 944 1509 4
963 1498 979 1525 ,
1002 1465 1079 1524 et,
1104 1459 1192 1524 qui
1213 1477 1276 1509 an
1298 1461 1398 1509 huc
1422 1460 1683 1524 trahendi,
1721 1459 1804 1509 alii
1826 1460 2084 1524 dirimant,
2110 1463 2231 1510 Hor.
2260 1464 2360 1511 od.

354 1548 415 1612 2,
440 1549 501 1598 14
520 1585 535 1612 ,
559 1550 652 1609 26,
674 1548 854 1598 Juven.
880 1550 910 1598 5
928 1586 945 1612 ,
974 1549 1085 1598 108.
1105 1576 1169 1588 —
1189 1552 1239 1614 Ξ)
1266 1551 1341 1598 Cf.
1375 1551 1494 1598 Hor.
1519 1550 1630 1600 Sat.
1655 1550 1688 1597 2
1705 1586 1721 1612 ,
1745 1549 1811 1614 ὅ,
1835 1549 1949 1598 272.
1973 1550 2094 1598 Rem
2117 1547 2376 1614 interpre-'

358 1642 523 1687 tantur
545 1637 718 1686 Pollux
737 1674 752 1700 ‚
776 1637 808 1686 9
826 1674 842 1700 ,
868 1637 980 1687 128.
1005 1664 1066 1677 —
1086 1638 1138 1702 5)
1173 1639 1248 1687 cf.
1271 1639 1433 1688 Plaut.
1459 1639 1605 1702 Capi.
1632 1637 1656 1688 1
1680 1675 1696 1702 ,
1723 1637 1781 1701 1,
1823 1637 1882 1700 4,
1905 1640 2056 1686 Asin.
2080 1638 2111 1687 5
2131 1675 2145 1700 ‚
2171 1640 2229 1702 2,
2264 1639 2329 1688 54
2347 1676 2370 1704 ‚

360 1725 562 1788 aliisque
583 1726 726 1774 locis.
746 1752 805 1763 —
827 1724 876 1789 4)
903 1723 979 1772 Cf.
1015 1726 1232 1773 Macrob-
1264 1725 1375 1776 Sat.
1397 1726 1458 1788 2,
1485 1725 1508 1774 1
1532 1762 1547 1789 ‚
1574 1725 1742 1788 Quint.
1767 1725 1826 1787 2,
1851 1725 1911 1789 2,
1947 1725 2067 1774 Hor.
2093 1725 2190 1774 od.
2215 1725 2246 1773 5
2263 1762 2279 1789 ,
2300 1728 2372 1794 6,

358 1817 440 1880 21,
454 1817 617 1865 Amm.
637 1816 788 1864 Marc.
812 1813 892 1877 14,
913 1815 964 1878 6,
977 1814 1272 1881 01γιιιρὶοᾶ.,
1296 1831 1348 1880 p.
1375 1814 1487 1879 148,
1510 1817 1598 1878 qni
1620 1813 1957 1865 Constantium
1978 1815 2147 1864 laudnt
2168 1816 2219 1864 in
2244 1831 2368 1865 con-

360 1916 498 1966 viviis
544 1932 735 1965 comem
759 1909 828 1971 οἷς
852 1904 946 1965 καὶ
972 1903 1153 1985 ε’ρῖζω
1177 1907 1288 1970 τοῖς
1325 1904 1514 1983 μίμοις
1534 1902 1808 1970 πολλάκις
1830 1952 1846 1980 ,
1879 1902 2134 1982 παίζουσι
2152 1903 2251 1986 xpri
2271 1910 2371 1975 ri}

361 2009 650 2092 τμη-ἔζης.
695 2018 875 2070 Juven.
897 2019 983 2082 ¹11,
1005 2021 1099 2069 162
1108 2056 1126 2084 ,
1145 2019 1365 2082 forsitan
1377 2027 1622 2084 exspectes
1636 2058 1652 2085 ‚
1675 2025 1737 2070 ut
1756 2021 2016 2072 Gaditana
2037 2037 2222 2073 canoro
2238 2026 2369 2073 inci-

358 2118 475 2181 piae
501 2118 708 2179 prurire
739 2114 916 2174 clun-o,
951 2114 1246 2176 plausuque
1274 2113 1500 2177 probaloe
1526 2116 1597 2163 ad
1626 2121 1809 2164 terram
1836 2117 2047 2165 mmulo
2073 2118 2379 2166 descendant

359 2206 507 2253 duno
523 2205 731 2268 puelle.
754 2203 817 2251 V.
840 2202 1022 2267 Pignor
1055 2203 1116 2252 do
1137 2201 1279 2252 Serv.
1298 2220 1352 2268 p.
1391 2201 1505 2253 180.
1527 2229 1590 2240 --
1608 2203 1662 2265 5)
1681 2203 1758 2253 Cf.
1782 2203 1886 2253 eie.
1900 2221 1962 2270 p.
1986 2207 2142 2256 Arch.
2165 2206 2227 2272 9,
2248 2206 2373 2274 Nep.

361 2294 468 2344 Au.
491 2291 572 2343 14.

455 2434 603 2497 471.
658 2433 888 2498 Caetera
921 2453 1062 2496 vero
1092 2436 1257 2518 quod
1284 2431 1498 2496 attinet
1523 2432 1589 2498 in
1615 2431 2001 2519 quotidiana,
2030 2445 2100 2498 ut
2124 2445 2376 2517 vocant,

364 2547 502 2612 vitae
553 2546 993 2612 consuetudine
1016 2596 1033 2631 ,
1078 2546 1153 2612 de
1200 2546 1663 2633 pauperioribus
1687 2598 1705 2632 ,
1752 2560 1811 2615 et
1867 2549 2104 2633 abjecta
2149 2551 2377 2614 civium

365 2662 702 2749 eademque
735 2661 1225 2726 numerosissima
1253 2673 1459 2747 parte,
1498 2685 1686 2749 quam
1722 2664 1916 2728 turbae
1960 2665 2212 2728 forensis
2256 2685 2387 2727 no·-

364 2777 535 2838 mine
557 2771 864 2858 adpellant
888 2770 914 2864 (
927 2776 983 2858 §.
1020 2776 1140 2837 143
1166 2784 1226 2837 et
1252 2769 1455 2859 400.),
1483 2774 1622 2838 satis
1644 2786 1733 2838 est
1754 2773 1855 2839 hic
1877 2773 2382 2856 animadvertere,

365 2898 803 2972 patronorum,
846 2885 1307 2950 candidatorum
1355 2887 1726 2950 et‘maxime
1779 2889 1977 2952 aerarii
2021 2890 2384 2973 muneribus

370 2999 474 3089 (§.
525 2997 721 3087 395.)
765 3008 1122 3063 sustentatos
1177 2995 1288 3085 1),
1326 2998 1642 3063 salutando
1686 3010 1870 3087 atque
1915 3001 2048 3064 aliis
2085 3003 2384 3068 clientum

368 3113 584 3178 officiis
604 3162 621 3196 ,
649 3113 715 3176 in
748 3112 1056 3177 vestibulis
1076 3160 1093 3195 ,
1123 3111 1289 3176 atriis
1313 3161 1330 3195 ,
1358 3111 1425 3174 in
1450 3113 1600 3176 Foro
1619 3161 1636 3196 ,
1666 3112 1732 3177 in
1770 3114 1999 3200 Campo
2026 3112 2121 3205 (ς.
2154 3121 2302 3181 141.
2322 3114 2386 3212 )‚

368 3227 699 3292 intheatro
730 3249 974 3313 quoque
998 3222 1442 3324 otium'trivisse
1471 3222 1560 3313 2).
1589 3225 1687 3290 Ad
1710 3227 1862 3291 dites
1888 3238 1947 3292 et
1973 3238 2246 3314 potentes
2269 3252 2383 3294 re—

371 3339 624 3406 ferenda
650 3339 799 3403 baec.
826 3340 1032 3404 Prima
1056 3363 1190 3425 pars
1213 3339 1335 3403 diei
1357 3339 1699 3404 amicorum
1722 3351 1781 3405 et
1803 3340 2064 3405 maxime
2086 3341 2385 3407 clientum

373 3452 835 3519 salutationibus
864 3448 964 3540 3),
1005 3452 1283 3517 officiosae
1304 3501 1321 3536 ,
1357 3464 1428 3516 ut
1467 3452 1552 3517 ait
1588 3452 1870 3517 Horatius
1901 3449 2010 3540 4),
2046 3452 2386 3539 sedulitati,

375 3568 594 3634 dicata.
625 3568 722 3633 Ab
749 3565 896 3631 hora
930 3567 1140 3648 tertia,
1167 3566 1232 3629 in
1267 3567 1395 3630 foro
1426 3564 1491 3653 5)
1511 3614 1528 3649 ,
1560 3566 1621 3630 in
1646 3565 1932 3651 judiciis,
1958 3566 2027 3630 in
2056 3568 2349 3632 concione
2369 3619 2389 3656 ‚

374 3683 446 3746 in
470 3694 679 3748 senatu
711 3662 970 3768 publicis
1011 3680 1191 3745 rebus
1219 3681 1573 3746 intererant.
1602 3681 1762 3746 Tum
1788 3703 1823 3745 a
1847 3679 2101 3767 prandio
2144 3680 2221 3745 ad
2260 3704 2392 3747 coe-

378 3818 528 3861 nam
556 3808 625 3860 ut
652 3798 987 3881 plurimum
1011 3795 1361 3860 ambulacra
1392 3805 1451 3859 et
1492 3795 1773 3881 inprimis
1810 3794 2120 3881 gymnasia
2145 3794 2392 3881 publica

378 3912 638 3976 visentes
663 3907 765 3997 6),
787 3934 930 3977 cnm
956 3910 1089 3974 aliis
1131 3908 1427 3973 exercitiis
1450 3957 1467 3992 ,
1499 3930 1637 3994 quae
1670 3907 2042 3996 gymnastica
2064 3929 2347 3973 vocamus
2366 3958 2385 3993 ,

382 4039 520 4093 tum
561 4027 683 4113 pila
724 4025 1178 4092 oblectabantur
1197 4071 1215 4107 ,
1254 4021 1432 4107 cujus
1463 4021 1632 4088 lusus
1671 4020 2070 4088 amantissimi
2097 4022 2383 4121 Romani.

1984 4132 2065 4193 59
