3111 4829
1268 374 1525 457 (225)

484 510 641 574 245:
682 506 1123 572 Proconsulum
1178 508 1346 593 origo
1405 504 1745 570 secundum
1795 506 2158 594 Dionysium
2222 521 2307 574 est
2351 532 2407 576 a.

395 623 469 689 U.
510 622 581 688 C.
617 625 786 706 2753
824 619 1165 686 secundum
1206 622 1445 685 Livium
1468 670 1485 703 ‚
1516 622 1599 705 si,
1641 619 1718 684 de
1753 621 1935 685 verbo
1978 621 2150 686 litem
2188 624 2417 708 vitanS,
2529 697 2537 705 ,

394 735 558 801 vocis
600 757 783 799 usum
814 736 1083 823 sequaris
1104 785 1121 818 ‚
1153 737 1387 800 nescias
1410 784 1426 817 ,
1455 733 1530 798 ad
1559 756 1614 798 a.
1655 735 1806 800 291.
1833 783 1851 818 ,
1878 757 1956 799 an
1997 735 2075 800 ad
2116 737 2262 801 428.
2305 760 2416 801 re-

391 851 549 914 feras
582 846 670 933 1).
698 849 1143 935 Propraetorum
1177 849 1350 913 initia
1385 847 1565 912 modo
1589 847 1922 934 attigimus.
1957 850 2413 917 Vocabulorum

401 982 474 1025 ea
550 960 638 1023 vis
693 970 817 1040 est,
888 971 956 1024 ut
1028 961 1362 1026 Consulum
1429 971 1490 1023 et
1549 960 1888 1023 Praetorum
1955 961 2020 1024 in
2097 963 2426 1046 provinciis

398 1072 596 1137 vicem
642 1071 790 1162 (pro
821 1073 1120 1157 Consule,
1172 1097 1280 1160 pro
1327 1070 1635 1160 Praetore)
1686 1085 1940 1158 gerant3
1986 1073 2088 1138 sed
2113 1124 2130 1157 ‚
2172 1086 2242 1139 ut
2285 1074 2420 1138 du·-

397 1189 535 1276 plex
562 1186 786 1252 horum
823 1188 1290 1274 magistratuum
1336 1196 1593 1272 potestas
1616 1236 1633 1267 ‚
1665 1187 1858 1249 civilis
1890 1198 1951 1250 et
1991 1187 2270 1253 militaris
2292 1235 2311 1271 ,
2337 1189 2424 1252 sic

404 1299 845 1366 Proconsulum
899 1313 960 1365 et
1004 1302 1451 1386 Propraetorum
1505 1321 1730 1386 genera
1784 1298 2216 1385 distinguenda
2265 1311 2430 1364 sunt.

407 1415 534 1481 Alii
571 1416 800 1480 seilicet
823 1464 840 1498 ,
880 1417 989 1501 qui
1031 1427 1161 1500 post
1195 1414 1584 1479 consulatum
1607 1462 1624 1496 ,
1664 1425 1983 1499 prorogato
2026 1415 2322 1500 imperio,
2365 1418 2432 1479 in

406 1527 735 1612 provinciis
782 1526 1148 1609 manebant,
1203 1526 1383 1610 cujus
1446 1527 1646 1612 prima
1694 1526 1862 1611 apud
1901 1527 2143 1592 Livium
2201 1529 2438 1592 mentio

406 1639 671 1703 occurrit
694 1639 882 1721 VIII,
910 1642 1023 1720 23,
1050 1635 1152 1725 2),
1186 1639 1322 1721 alii,
1342 1659 1493 1725 quos
1516 1636 1854 1722 interdum,
1882 1640 2050 1704 velut
2074 1640 2426 1726 Scipionem

408 1750 775 1816 Africanum
806 1748 908 1838 3),
931 1762 1037 1816 aut
1059 1752 1319 1837 privatos
1339 1763 1447 1816 aut
1467 1753 1741 1816 inferiori
1767 1756 2126 1840 magistratu
2151 1755 2392 1819 functos
2419 1805 2436 1838 ‚

411 1867 791 1933 Proconsulis
865 1866 1116 1930 nomine
1171 1866 1532 1930 exercitibus
1593 1866 1904 1952 praefectos
1936 1916 1955 1950 ,
2011 1878 2119 1930 aut
2140 1913 2159 1950 ,
2230 1890 2428 1954 quum

417 1981 721 2045 minorem
779 1990 1060 2066 gererent
1110 1955 1571 2065 magistratum,
1621 1988 1940 2063 prorogato
1975 1979 2233 2063 imperio
2260 2028 2278 2062 ,
2324 2001 2442 2043 eo·-

350 2087 352 2090 ’
420 2094 558 2159 dem
603 2092 1144 2166 titulohonoratos
1201 2114 1328 2156 esse
1375 2090 1734 2176 reperimus,
1790 2091 2136 2176 Utrumque
2177 2091 2243 2154 in
2286 2092 2441 2156 Pro-

420 2209 778 2294 praetoribus
812 2229 1058 2291 quoque
1096 2229 1213 2269 usu
1250 2207 1418 2269 venit
1452 2202 1542 2290 3).
1589 2203 1713 2268 Alii
1755 2204 1922 2294 item⁴
1944 2206 2339 2269 Proconsules
2381 2217 2445 2271 et

421 2321 861 2405 Propraetores‚
900 2320 1053 2405 qui,
1105 2318 1427 2381 consulatu
1470 2328 1577 2380 aut
1625 2327 1887 2402 praetura
1938 2318 2151 2383 Romae
2201 2319 2446 2402 functi,
2507 2293 2514 2308 ἱ

423 2454 587 2498 anno
636 2441 932 2496 transacto
959 2481 976 2514 ,
1012 2429 1350 2517 provincias
1385 2430 1743 2495 obtinebant
1789 2430 1882 2521 (ς.
1926 2428 2115 2519 244.)
2159 2432 2443 2519 Denique

426 2544 506 2609 ab
533 2543 629 2607 his
651 2544 1121 2608 Proconsulibus
1147 2554 1435 2630 potestate
1466 2542 1722 2626 diversi,
1749 2544 1861 2630 qui
1883 2543 1997 2608 sub
2020 2544 2358 2611 Caesaribus
2379 2547 2448 2608 in

429 2658 751 2723 senatorias
777 2660 1113 2744 provincias
1149 2659 1548 2723 mittebantur
1575 2707 1592 2741 ‚
1638 2668 1697 2720 et
1735 2658 1814 2721 ab
1849 2658 2137 2724 omnibus
2177 2660 2474 2745 ipsorum.

432 2772 735 2837 Caesarum
761 2773 1238 2857 proconsulatus.
1266 2773 1474 2854 Porro,
1500 2793 1697 2858 quum
1730 2794 1766 2836 a
1791 2774 2180 2858 magistratus
2198 2776 2449 2840 notione

430 2898 694 2973 nequeat
717 2886 979 2971 separari
1011 2887 1205 2951 civilis
1239 2897 1495 2973 potestas
1529 2885 1628 2974 (ς.
1666 2884 1885 2971 183.),
1910 2896 2073 2971 patet
2100 2935 2116 2969 ,
2152 2889 2451 2972 quaestio—

433 3021 579 3064 nem
599 2998 677 3063 ab
700 2999 1060 3084 antiquariis
1082 3000 1372 3084 agitatam
1394 3048 1412 3083 ,
1442 3021 1521 3061 an
1546 2999 1943 3061 Proconsules
1970 3009 2029 3061 et
2053 2998 2456 3083 Propraetores

434 3113 819 3199 magistratus
851 3113 1111 3196 fuerint,
1154 3112 1238 3176 ita
1279 3110 1686 3177 dirimendam
1728 3134 1887 3194 esse,
1918 3122 1985 3174 ut
2023 3112 2089 3174 in
2133 3112 2462 3198 magistra-

434 3238 614 3293 tuum
639 3250 899 3293 numero
923 3228 1243 3292 memorati
1270 3248 1482 3290 omnes
1505 3238 1813 3311 ponantur
1836 3274 1853 3307 ‚
1880 3225 1954 3288 iis
1992 3227 2283 3310 exceptis,
2307 3250 2460 3315 quos

439 3342 799 3409 exercitibus
824 3342 1132 3427 praefectos
1154 3363 1281 3405 esse
1302 3341 1567 3405 diximus
1590 3388 1607 3422 ‚
1634 3351 1840 3425 utpote
1864 3339 2107 3402 nonnisi
2130 3341 2459 3407 militarem

442 3466 798 3541 potestatem
833 3453 1127 3518 habentes
1166 3451 1254 3541 4).

509 3568 560 3627 1)
598 3567 663 3616 V.
687 3568 888 3633 Dionys.
911 3567 1001 3616 lib.
1025 3568 1076 3616 9.
1111 3582 1225 3632 pag.
1248 3565 1376 3631 574,
1408 3566 1514 3615 Liv.
1539 3565 1592 3631 δ,
1630 3565 1689 3629 4,
1723 3566 1783 3631 8,
1825 3565 1993 3613 23.—
2016 3565 2078 3627 2)
2103 3567 2322 3617 Circa-n.
2347 3568 2464 3618 428.

446 3657 521 3705 cf.
544 3657 641 3722 45,
666 3658 747 3707 17.
770 3687 828 3696 -
848 3658 1032 3723 5)1.1v.
1061 3658 1160 3722 26,
1198 3656 1278 3707 18.
1300 3655 1438 3719 —-⁴)
1478 3656 1746 3705 creamus.
1770 3655 1868 3704 vot.
1893 3655 1961 3722 9,
1995 3674 2047 3721 p.
2070 3655 2185 3706 558.
2210 3685 2269 3695 -
2290 3658 2345 3723 5)
2385 3658 2461 3706 cr.

448 3746 619 3797 Benuss
641 3749 742 3799 vol.
763 3748 815 3798 2.
840 3765 953 3815 pag.
978 3748 1091 3798 34⁰.

544 3864 695 3927 246.
746 3865 1044 3950 Senatus,
1094 3876 1165 3930 ut
1208 3865 1274 3928 in
1309 3863 1639 3951 provinciis
1680 3872 1893 3928 caetera
1937 3864 2066 3927 fere
2108 3864 2314 3929 omnia
2355 3887 2467 3930 suo

451 3974 701 4039 arbitrio
744 3975 1096 4060 ordinabat,
1144 3980 1228 4043 sic
1258 4000 1594 4043 numerum
1619 4000 1832 4042 earum
1870 3978 2176 4065 finesque,
2222 3992 2280 4043 et
2324 4004 2474 4068 quas

458 4088 755 4153 Consules
776 4138 793 4172 ,
818 4111 967 4177 quas
1000 4094 1289 4159 Praetores
1331 4095 1493 4159 iuter
1530 4116 1600 4158 se
1640 4091 2019 4175 dividerent,
2046 4094 2341 4241 εξέυεὴειῑ
2371 4092 2434 4180 1)
2462 4142 2480 4175 ,

2123 4188 2137 4218 (
