3111 4829
1268 452 1524 537 (169)

384 587 560 646 simum
585 619 602 649 ,
624 583 838 636 ratmunt
854 616 871 644 ,
892 596 973 631 ms
989 581 1155 630 civiles
1169 584 1223 630 et
1244 581 1476 631 militares
1493 594 1610 632 cum
1629 585 1863 650 religione
1885 588 2052 639 Romae
2072 589 2263 658 semper
2275 633 2291 660 ,
2309 599 2396 646 sed

384 675 566 722 arctius
586 673 755 738 primis
783 671 975 719 coculis
1017 672 1305 736 conjunctas
1326 672 1475 721 fuisse
1498 708 1518 735 ‚
1563 674 1627 721 ob
1651 690 1858 740 eamque
1898 695 2005 729 rem
2026 684 2400 745 magistratuum

385 777 591 811 munera
612 777 623 808 :
651 777 751 825 quo
772 776 916 809 sensu
938 761 979 808 si
996 762 1107 823 quis
1123 762 1397 810 sacerdotes
1427 762 1600 812 fecerit
1624 767 1929 829 magistratus
1945 806 1962 834 ,
1983 776 2071 820 aut
2090 775 2400 838 magistratus

386 855 689 918 sacerdotes,
713 853 785 903 nil
807 843 920 901 novi
938 888 956 916 ,
978 857 1029 901 et
1066 858 1229 915 recte,
1254 854 1456 918 opinor,
1493 856 1688 906 fecerit.
1711 859 1881 921 Neque
1901 878 2017 910 vero
2039 864 2080 911 is
2099 901 2115 927 ,
2147 867 2383 928 quoniam

387 943 584 1012 patricii
619 943 711 992 soli
759 941 1229 1007 auspiciahahuisse
1246 942 1485 992 dicuntur
1514 943 1788 1012 (§.130.)‚
1816 948 1934 998 hine
1973 953 2118 1001 facile
2153 954 2352 1018 collifflt
2375 993 2393 1018 ‚

389 1050 474 1084 eos
511 1034 629 1082 olim
671 1038 759 1082 aut
792 1047 960 1082 omnes
987 1070 1005 1097 ,
1045 1036 1134 1082 aut
1168 1039 1303 1083 certe
1351 1050 1409 1083 ex
1447 1034 1506 1083 iis
1544 1035 1700 1084 lectos
1739 1040 2050 1100 magistratus
2067 1077 2084 1101 ,
2122 1045 2406 1094 sacerdote·

391 1123 571 1187 fuisse3
594 1122 731 1186 quod
750 1122 793 1170 si
812 1121 983 1174 demus
1000 1158 1016 1186 ,
1040 1121 1138 1187 (ut
1159 1123 1352 1172 mittam
1368 1122 1431 1172 de
1452 1123 1569 1187 ipsis
1602 1124 1832 1188 auspiciis
1850 1125 1985 1173 haud
2005 1126 2277 1190 simplicem
2295 1129 2398 1180 ho‘c

394 1214 510 1280 loco
531 1211 869 1262 difficultatem
883 1212 1117 1278 ,1quidni
1138 1212 1229 1262 sub
1248 1212 1517 1262 Cesaribus
1536 1211 1683 1262 etiam
1699 1213 1930 1278 patricios
1949 1227 2116 1263 omnes
2125 1218 2404 1269 sacerdotes

399 1303 638 1351 faciamus
654 1298 679 1349 ἓ
698 1330 761 1339 -
777 1301 831 1367 4)
848 1303 924 1350 Cf.
941 1302 1043 1350 Cic.
1060 1304 1121 1350 de
1143 1302 1294 1366 Leqq.
1311 1303 1344 1352 ὅ
1360 1337 1377 1365 ,
1401 1301 1451 1349 5.
1474 1328 1538 1340 ·--
1558 1301 1613 1360 5)
1635 1301 1709 1350 Cf.
1739 1302 1864 1350 Gen.
1885 1303 1917 1352 6
1935 1338 1953 1365 ,
1972 1304 2034 1367 9,
2074 1305 2197 1370 Lyd.
2225 1307 2284 1370 1,
2321 1309 2410 1357 52.

401 1390 591 1442 Cur-uls
607 1392 758 1456 ebur,
781 1393 902 1442 Hor.
926 1391 1036 1456 Ep.
1061 1392 1085 1439 1
1102 1427 1119 1456 ,
1137 1393 1200 1454 6,
1219 1391 1303 1440 55.
1323 1391 1398 1440 Cf.
1422 1390 1564 1439 ovid.
1581 1392 1642 1439 de
1660 1391 1726 1440 P.
1745 1390 1809 1451 4,
1832 1390 1892 1456 9,
1925 1392 2009 1442 27.
2031 1419 2097 1432 —
2119 1393 2171 1458 6)
2196 1396 2271 1444 Cf.
2292 1396 2407 1445 Cic.

398 1481 718 1545 αοιιςςῶ,
744 1481 806 1544 s,
838 1481 965 1530 sou.
1008 1481 1106 1543 13,
1131 1481 1227 1543 12,
1263 1480 1406 1528 noia.
1439 1478 1900 1541 ammomum.
1925 1479 1986 1545 4,
2009 1481 2149 1546 s‚5.
2173 1482 2300 1548 -η
2325 1484 2408 1534 οι,

401 1569 547 1621 usin.
566 1571 638 1620 ib.
655 1570 687 1619 ⁴
704 1606 720 1635 ,
742 1570 803 1635 s,
822 1571 956 1620 6.-
977 1569 1029 1632 s)
1053 1570 1311 1618 onerem.
1338 1566 1384 1636 §-
1408 1568 1521 1618 151.

498 1712 646 1776 184.
693 1709 1072 1793 Magistratus
1102 1707 1351 1772 creandi
1367 1706 1477 1791 jus
1515 1709 1727 1795 populi
1759 1710 1912 1794 fuit,
1943 1733 1980 1776 a
2019 1711 2260 1777 Tiberio
2292 1713 2408 1778 de-

405 1845 583 1890 mum
610 1820 853 1908 penitus
885 1818 1220 1884 ademtam.
1258 1818 1483 1904 Creati,
1513 1832 1657 1886 ante
1684 1823 1911 1886 initum
1950 1847 2178 1888 munus
2197 1873 2215 1908 ,
2246 1824 2415 1891 desi-

408 1936 577 2023 gnati
626 1932 985 1998 dicebantur
1036 1932 1063 2021 (
1084 1931 1145 2014 §.
1181 1937 1327 2001 167.
1362 1931 1427 2020 );
1456 1934 1646 2003 iidem
1691 1935 1760 1999 in
1798 1937 1963 2021 leges
1984 1937 2281 2020 jurabant
2321 1937 2409 2026 1).

406 2049 786 2135 Magistratus
811 2045 1101 2111 ordinarii
1122 2094 1142 2128 ,
1176 2057 1248 2111 ut
1274 2068 1384 2132 par
1417 2058 1545 2111 erat
1568 2096 1586 2130 ,
1633 2047 1967 2133 gradatim,
2008 2050 2087 2114 ab
2121 2051 2413 2116 inferiore

409 2165 488 2230 ad
509 2164 882 2250 superiorem
902 2160 1429 2247 progredientibus
1453 2158 1520 2250 2)
1547 2209 1566 2244 ,
1600 2183 1719 2226 nee
1751 2183 1878 2225 non
1909 2165 2232 2230 constituta
2283 2167 2420 2230 sin-

411 2280 572 2365 gulis
601 2287 773 2341 aetate
800 2274 1289 2357 mandabantur3
1318 2272 1484 2338 unde
1507 2296 1680 2337 anno
1726 2297 1841 2338 mo
1872 2270 1941 2361 3)
1975 2274 2246 2361 Consul,
2296 2289 2413 2344 etc.

408 2394 549 2458 Huc
586 2384 882 2455 trahenda
906 2388 1003 2452 lex
1020 2386 1206 2456 Vinia
1242 2384 1531 2470 Annalis,
1581 2406 1720 2474 quae
1749 2397 1812 2451 et
1849 2387 2168 2452 comitialis
2205 2401 2416 2456 vocata

410 2505 516 2594 (a.
560 2508 709 2571 572.
736 2502 762 2591 )
788 2553 805 2587 ,
845 2503 977 2588 jam
1020 2514 1200 2585 ante,
1241 2512 1313 2567 ut
1363 2500 1602 2567 videtur
1623 2500 1731 2588 4),
1768 2502 2020 2568 inducta
2074 2507 2419 2570 accuratius

405 2617 696 2683 ordinans
717 2642 734 2699 ;
766 2616 947 2700 cujus
966 2615 1170 2682 latoris
1207 2616 1375 2702 genti
1404 2615 1659 2679 Annalis
1682 2632 2025 2700 cognomen
2047 2616 2298 2681 adhaesit
2319 2614 2418 2706 5).

407 2733 572 2818 Lege
611 2730 794 2798 Vinia
815 2748 1006 2793 annos
1026 2728 1379 2791 constitutos
1399 2737 1616 2811 putant
1653 2727 1953 2809 Quaestori
1993 2729 2099 2793 alii
2140 2731 2375 2797 XXVII
2397 2779 2416 2809 ‚

409 2845 516 2910 alii
540 2844 765 2925 XXXI,
781 2840 971 2906 AEdili
991 2840 1308 2921 XXXVII,
1321 2840 1569 2903 Praetori
1585 2841 1710 2921 XL,
1735 2840 1983 2904 Consuli
2003 2842 2220 2925 XLIII,
2244 2844 2428 2909 cice-

412 2957 577 3023 ronis
618 2955 879 3021 maxime
911 2953 1183 3038 exemplo
1224 2952 1520 3035 nitentes,
1544 2952 1814 3036 singulos
1855 2953 2274 3038 magistratus,
2295 2978 2418 3041 qua

411 3073 683 3158 primum
710 3077 882 3132 aetate
905 3065 1139 3151 potuit,
1168 3063 1497 3128 consecuti.
1520 3062 1640 3127 Sed
1671 3073 1733 3127 et
1749 3066 2180 3150 progressionis
2220 3067 2420 3150 illius,

415 3190 478 3245 et
506 3180 694 3245 aetatis
714 3200 958 3266 quoque
982 3176 1134 3241 ratio
1161 3174 1471 3241 interdum
1487 3224 1506 3259 ,
1538 3175 1859 3241 candidato
1908 3177 2148 3263 leg-ihus
2183 3179 2379 3244 soluto
2403 3228 2423 3262 ,

416 3295 694 3380 neglecta
717 3290 808 3382 6).
833 3293 1098 3358 Cautum
1133 3290 1315 3355 etiam
1334 3339 1352 3374 ,
1392 3312 1473 3354 ne
1492 3291 1630 3377 quis
1657 3288 1808 3354 duos
1836 3291 2426 3376 magistratussimul

419 3419 657 3494 gereret
702 3403 791 3494 7).
833 3404 1034 3470 Iidem
1061 3452 1079 3486 ‚
1120 3414 1363 3489 excepta
1408 3425 1667 3469 censura
1691 3452 1708 3486 ,
1751 3405 1969 3469 annui.
2002 3406 2418 3493 Magistratum

420 3532 691 3606 petentes
718 3542 755 3585 a
783 3519 958 3584 vestis
977 3565 994 3599 ,
1030 3528 1186 3603 togae
1208 3564 1225 3598 ,
1273 3515 1533 3581 candore
1583 3515 1889 3582 candidati
1927 3515 2250 3602 adpellati,
2298 3541 2425 3606 quo

422 3635 726 3719 petitionis
748 3634 974 3698 indicio
998 3632 1329 3696 utebantur
1349 3628 1531 3718 8).'}1i
1550 3653 1780 3696 nomen
1792 3631 2237 3717 profitebantur
2258 3633 2425 3720 apud

425 3749 842 3835 magistratum
871 3746 1136 3813 comitiis
1161 3747 1568 3833 praefuturum
1591 3770 1609 3829 3
1631 3769 1666 3811 a
1690 3767 1813 3832 quo
1839 3747 1907 3809 in
1923 3747 2135 3811 album
2164 3750 2420 3834 recepti,

424 3883 497 3927 ac
523 3864 717 3927 multo
756 3862 938 3928 etiam
967 3872 1108 3927 ante
1135 3860 1417 3947 precibus
1434 3908 1451 3942 ,
1489 3858 1663 3922 donis
1685 3907 1703 3943 ,
1732 3859 2016 3924 omnibus
2058 3860 2256 3927 modis
2292 3866 2426 3927 sus-

428 3976 619 4062 fragia
643 3985 883 4061 captare
912 3975 1182 4041 solebant
1205 4023 1225 4057 ,
1267 3973 1404 4060 lege
1430 3984 1639 4037 tamen
1677 3972 2069 4060 largitionem
2097 3987 2158 4039 et
2182 3977 2431 4043 fraudes

427 4100 688 4174 vetante,
716 4090 1164 4155 nomenclatore
1187 4088 1401 4171 etiam,
1430 4086 1750 4153 obviorum
1772 4088 2018 4153 nomina
2040 4103 2426 4177 suggerente,

2028 4199 2107 4258 22
