3111 4829
1526 422 1780 503 (420)

637 573 706 627 ut
750 560 1015 641 Graecis,
1061 555 1336 642 duplices
1383 567 1786 619 consonantes
1836 553 2005 640 (CS,
2053 554 2233 643 Ds);
2279 555 2336 619 Y
2390 552 2677 618 medium

640 675 803 738 inter
833 674 884 736 U
905 683 963 735 et
983 673 1044 754 13
1075 673 1133 740 V
1156 681 1217 734 et
1235 670 1537 734 vocalium
1554 718 1573 752 ,
1601 681 1672 732 ut
1696 671 1935 752 volunt,
1964 671 1993 733 Ι
2019 682 2076 733 et
2101 670 2157 733 Ο
2177 718 2193 751 ,
2226 681 2287 732 et
2313 669 2680 732 Graecornm

658 785 1047 871 digammatis
1069 785 1264 847 vicem
1293 782 1601 869 praestitit,
1635 782 1816 866 cujus
1845 785 1970 847 vim
1994 795 2054 847 et
2076 794 2372 847 mutatam
2409 782 2685 867 figuram

655 900 843 966 habet
874 902 942 964 F.
976 898 1246 979 Quidam
1266 945 1283 979 ,
1315 898 1377 961 R
1411 917 1659 982 quoque
1692 907 1751 960 et
1786 897 1842 977 Q
1877 898 2192 961 accessisse
2213 945 2229 978 ,
2260 894 2520 978 docent,
2557 895 2688 958 sive

639 1037 797 1079 novo
829 1036 973 1078 sono
1008 1012 1400 1099 exprimendo
1420 1057 1437 1092 ,
1470 1012 1590 1074 sive
1621 1011 1684 1075 R
1714 1009 1791 1074 ad
1827 1011 1904 1096 S,
1937 1011 1995 1093 Q
2024 1010 2102 1075 ad
2132 1011 2208 1093 G,
2238 1009 2480 1074 duobus
2518 1007 2688 1072 sonis

652 1128 802 1191 olim
824 1149 948 1192 una
967 1127 1165 1190 littera
1189 1127 1476 1210 expressis
1502 1123 1587 1211 1).
1616 1122 2132 1211 orthographiam
2155 1124 2294 1207 diu,
2319 1144 2438 1187 nec
2457 1143 2686 1208 parum

654 1240 953 1320 variasse,
992 1248 1056 1301 et
1086 1237 1237 1301 hinc
1280 1237 1623 1322 intelligas,
1666 1248 1727 1301 et
1763 1259 2099 1303 numorum
2127 1232 2517 1322 aliorumque
2541 1257 2688 1299 mo-

647 1362 1093 1417 numentorum
1128 1352 1226 1414 vel
1271 1351 1480 1414 soeculi
1522 1351 1670 1414 sexti
1713 1350 2139 1436 inscriptiones
2178 1372 2327 1414 cum
2357 1350 2425 1412 in
2454 1349 2585 1412 aliis
2612 1346 2687 1411 id

650 1464 1003 1548 declarant,
1045 1475 1178 1528 tum
1226 1465 1460 1529 omissis
1493 1464 1749 1547 litteris,
1781 1485 1920 1550 quae
1951 1476 2084 1551 post
2111 1463 2334 1528 iisdem
2372 1464 2438 1527 in
2479 1461 2688 1526 verbis

650 1579 906 1664 adjectae
925 1628 943 1663 ,
969 1591 1078 1645 aut
1098 1578 1352 1662 additis,
1375 1600 1514 1665 quas
1540 1590 1670 1665 post
1692 1579 1955 1663 omissae,
1986 1579 2250 1666 quippe,
2282 1590 2354 1643 ut
2373 1577 2689 1660 conjicere

650 1694 797 1758 licet
816 1742 833 1776 ,
862 1715 988 1757 non
1020 1693 1446 1778 pronuntiatas.
1474 1693 1568 1756 Ac
1587 1715 1729 1757 vero
1760 1693 2105 1777 proximum
2131 1705 2251 1775 est,
2282 1702 2691 1786 consonantes

653 1805 947 1893 quasdam
973 1853 991 1887 ,
1032 1805 1100 1868 in
1140 1816 1405 1869 extrema
1437 1827 1584 1869 voce
1606 1853 1624 1887 ,
1654 1805 1765 1870 etsi
1801 1827 2127 1891 nunquam
2150 1806 2396 1870 omissas
2416 1854 2434 1888 ,
2474 1816 2692 1869 tamen

652 1918 841 2003 vulgo
892 1916 1277 2002 pronuntiari
1339 1915 1625 2000 desiisse;
1677 1937 1816 2003 quoe
1870 1939 1963 1981 res
2018 1939 2143 1982 non
2199 1918 2394 1982 levem
2442 1917 2568 1980 vim
2613 1917 2693 1982 in

607 2111 614 2128 Ι
656 2029 1084 2095 constituenda
1106 2029 1475 2116 syllabarum
1494 2030 1837 2115 quantitate
1861 2029 2147 2095 habuisse
2170 2031 2431 2096 videtur.

648 2193 653 2204 ⁴
748 2143 1055 2208 Caeterum
1088 2141 1318 2227 species
1361 2141 1702 2207 litterarum
1724 2192 1741 2227 ,
1781 2152 2084 2231 quatenus
2124 2144 2585 2229 inscriptiones,
2626 2155 2698 2209 et

650 2258 886 2325 ⁴certius
930 2256 1320 2321 vetustissimi
1368 2256 1609 2322 codices
1650 2269 1950 2328 testantur
1977 2308 1994 2343 ,
2040 2281 2112 2325 ea
2155 2260 2287 2325 fere
2332 2270 2504 2343 erat,
2548 2281 2698 2346 quae

645 2370 853 2439 ,hodie
878 2371 947 2437 in
984 2370 1321 2455 majoribus
1344 2370 1935 2461 (litteraennciales)
1960 2383 2230 2439 servatur
2251 2421 2269 2457 ,
2302 2372 2552 2456 dubito,
2581 2394 2700 2459 per

663 2484 1027 2551 mediumne
1061 2483 1313 2550 demum
1356 2505 1594 2570 oevum,
1630 2509 1712 2552 an
1755 2472 1954 2552 multo=
1981 2499 2124 2553 ante
2162 2488 2225 2552 in
2256 2487 2713 2553 commodiores

664 2599 898 2679 calami,
918 2599 1214 2664 celeritati
1240 2600 1465 2664 formas
1497 2612 1803 2687 corrupta.
1845 2601 2096 2668 Diversa
2122 2613 2212 2668 est
2241 2602 2347 2667 illa
2372 2601 2699 2666 breviandi
2799 2672 2812 2687 ,

657 2709 813 2776 ratio
837 2756 854 2791 ‚
904 2707 1009 2772 cui
1060 2709 1157 2773 vel
1201 2720 1345 2774 ante
1390 2709 1699 2775 Ciceronis
1741 2722 1981 2777 aetatem
2032 2710 2114 2801 2)
2158 2713 2367 2798 signa,
2410 2711 2656 2799 syllabis
2678 2760 2703 2797 ,

656 2832 769 2891 aut
826 2840 982 2905 saepe
1033 2820 1490 2889 recurrentibus
1530 2823 1784 2916 verbis,
1822 2836 1929 2889 aut
1974 2822 2297 2911 phrasibus
2349 2824 2533 2892 etiam
2585 2825 2706 2888 in·-

661 2933 973 3019 dicandis,
1016 2933 1262 3000 inventa
1308 2947 1747 3021 esseconstat3
1792 2960 1913 3026 quo
1953 2939 2250 3005 trahenda
2284 2950 2483 3025 notae,
2522 2938 2705 3025 siglae

661 3049 755 3145 (§.
791 3044 1015 3135 235.)‚
1038 3048 1434 3136 alphabetum
1464 3053 1900 3137 Tironianum,
1930 3066 2090 3120 notae
2111 3056 2401 3140 Senecae,
2433 3055 2703 3143 notarii,

664 3161 1017 3245 ταχυγρᾶφοι
1041 3162 1129 3251 3).
1164 3166 1290 3233 Nec
1336 3165 1543 3231 minus
1591 3167 1809 3237 usitata
1835 3168 2101 3254 vulgaris
2129 3168 2453 3235 breviandi
2485 3170 2640 3236 ratio
2685 3210 2707 3245 ‚

666 3274 847 3342 initia
871 3286 1108 3341 tantum
1130 3286 1238 3341 aut
1261 3279 1596 3365 praecipuas
1617 3281 1845 3347 litteras
1874 3280 2165 3348 exhibens
2197 3281 2298 3372 (§.
2337 3279 2529 3373 425.)

723 3482 779 3549 1)
819 3484 890 3532 De
922 3483 1098 3532 litteris
1133 3500 1162 3532 a
1200 3484 1403 3534 Claudio
1433 3487 1667 3553 adjectis,
1691 3505 1784 3536 nec
1806 3494 1915 3553 post
1936 3490 2141 3538 retentis
2158 3526 2173 3552 ,
2200 3506 2249 3537 v.
2275 3490 2395 3538 Tac.
2419 3492 2564 3539 Anu.
2588 3491 2649 3540 11
2679 3529 2699 3556 ,

666 3573 759 3636 14,
782 3575 887 3641 ibiq
904 3578 1071 3622 notam
1095 3575 1263 3638 Lipsii.
1284 3603 1345 3613 —-
1368 3576 1419 3641 Ξ)
1445 3577 1519 3625 Cf.
1545 3578 1650 3625 Cic.
1681 3579 1752 3626 ad
1771 3581 1877 3627 Aet.
1910 3577 2000 3642 11,
2033 3578 2084 3632 9,
2119 3578 2194 3625 cf.
2234 3578 2437 3642 Pignor.
2461 3580 2523 3630 de
2547 3579 2707 3630 Serv.

670 3691 724 3741 p.
743 3677 868 3742 218,
894 3679 1183 3747 Cri-egerium
1215 3680 1276 3727 de
1306 3680 1562 3729 scrihendi
1589 3698 1766 3744 qenere
1803 3667 1901 3729 διᾶ
1932 3667 2159 3745 enacim
2192 3675 2236 3746 §.
2258 3679 2308 3729 ὅ.
2333 3696 2475 3744 sqq„
2501 3681 2553 3728 in
2578 3685 2708 3732 Act.

678 3774 847 3819 societ.
885 3774 974 3822 lat.
999 3767 1206 3821 lencm.
1230 3789 1279 3822 v.
1313 3774 1363 3823 2.
1403 3791 1455 3838 p.
1490 3774 1603 3824 106.
1625 3803 1687 3812 —
1712 3774 1763 3839 3)
1785 3775 1859 3823 Cf.
1885 3772 1997 3824 Sen.
2023 3774 2135 3839 Ep.
2158 3774 2252 3839 90,
2277 3776 2409 3838 quid
2433 3775 2712 3826 verborum

677 3866 854 3923 nolas,
890 3862 1076 3924 quibus
1106 3866 1339 3926 quamvis
1363 3866 1518 3913 citata
1558 3866 1810 3928 excipitur
1845 3867 2005 3917 oratio
2033 3899 2050 3927 ‚
2091 3870 2142 3910 et
2174 3863 2474 3912 celeritatem
2507 3864 2718 3927 linqua

667 3962 857 3995 manus
909 3955 1179 4013 sequitur?
1225 3952 1607 4005 Vilissimorum
1663 3956 2038 4018 mancipiorum
2089 3955 2189 4002 ista
2235 3960 2514 4003 commuta
2558 3964 2715 4004 aune.

664 4028 808 4082 Mart.
835 4035 897 4085 14
915 4073 931 4102 ,
954 4038 1049 4087 208
1065 4076 1081 4104 ,
1122 4041 1346 4091 Currant
1371 4042 1517 4091 verba
1547 4044 1694 4109 hbet,
1727 4060 1913 4096 manus
1944 4049 2018 4093 eet
2046 4041 2260 4092 velocior
2279 4043 2385 4093 iuis
2402 4059 2425 4093 .·
2451 4042 2715 4098 Nondum

672 4124 862 4190 linqua
884 4141 1067 4193 suum,
1091 4130 1475 4196 dextrapervqit
1495 4147 1644 4196 opus.
