3111 4829
1357 380 1578 464 (29²)

465 510 673 583 sabazi-
702 511 764 582 'a
806 516 1181 600 nomeritae,
1235 515 1304 578 in
1350 491 1609 578 urbibus
1650 513 1872 584 Leucae
1912 514 2159 599 nomm,
2211 514 2479 604 mappa

461 626 807 721 (Mediua)
840 630 1158 695 Macoraba
1205 627 1508 715 (Macco)
1529 678 1546 712 ,
1595 629 1862 695 Mariaba
1903 628 1931 717 (
1957 629 2208 718 Saba),
2256 632 2431 697 Muza
2457 678 2478 716 ,

467 746 689 814 Ocelis.

555 863 661 926 34.
711 861 762 932 E
792 860 1146 948 regionibus
1192 859 1352 928 Asiae
1397 870 1563 926 extra
1607 860 1947 947 Imperium
1994 861 2352 927 Romanum
2378 908 2397 945 ,
2437 883 2478 928 a

460 974 885 1061 Mesopotamia
911 1023 929 1060 ,
959 996 1146 1063 quam
1173 972 1353 1060 sup'ra
1382 974 1856 1057 memoravimus
1879 972 1998 1058 ,ad
2023 974 2208 1039 Indos
2228 1023 2245 1059 ,
2267 996 2475 1041 remo-

406 1104 425 1111 “
458 1085 636 1153 tiores
662 1136 680 1173 ,
708 1099 779 1155 ut
808 1090 938 1174 ipsa
977 1086 1156 1153 India
1182 1137 1199 1172 ,
1236 1087 1399 1152 sama
1426 1097 1666 1153 tantum
1702 1098 1764 1152 et
1798 1087 2170 1153 commercio
2208 1089 2476 1174 cognitae

454 1201 772 1269 Romanis.
815 1202 1119 1270 Coeterum
1144 1225 1181 1267 a
1205 1204 1605 1268 conterminis
1624 1201 1704 1268 ad
1725 1202 2015 1268 ulteriora
2053 1201 2473 1289 progredienti

453 1328 814 1402 occurrunt,
836 1319 986 1383 olim
1007 1318 1329 1383 Persarum
1353 1367 1371 1402 ,
1406 1330 1540 1405 post
1560 1316 1926 1383 Parthorum
1952 1339 2145 1405 regno
2166 1334 2471 1403 compre-

454 1428 704 1497 hensoe:
738 1431 1071 1520 Babylonia
1109 1443 1170 1496 et
1208 1430 1533 1507 Chaldaea,
1575 1432 1737 1495 inter
1765 1430 2262 1517 Mesopotamiam
2286 1440 2347 1495 et
2371 1430 2470 1494 si-

453 1564 613 1609 num
633 1545 946 1610 Persicum
963 1600 981 1630 ‚
1007 1544 1189 1631 cujus
1217 1545 1398 1610 urbes
1421 1546 1692 1633 Babylon
1712 1593 1729 1628 ,
1752 1545 1908 1611 Sura
1929 1595 1948 1629 ,
1986 1545 2299 1631 Apamea,
2340 1543 2468 1609 Or-

451 1655 608 1722 choe
631 1706 648 1740 ,
671 1657 979 1743 Teredon,
1006 1659 1272 1748 Assyria,
1297 1659 1455 1725 ultra
1479 1660 1976 1746 Mesopotamiam
1992 1708 2009 1743 ,
2034 1659 2216 1744 cujus
2235 1668 2467 1744 praeter

448 1769 663 1856 Tigrin
684 1769 942 1837 flumina
965 1772 1160 1860 Lycus
1182 1784 1242 1837 et
1271 1773 1499 1859 Caprus
1517 1821 1534 1856 ,
1571 1795 1748 1837 mons
1776 1774 2042 1860 Zagrus,
2082 1772 2367 1859 regiones
2393 1771 2466 1837 iu

447 1884 584 1949 aliis
603 1884 917 1952 Adiabene
931 1935 948 1969 ,
972 1885 1281 1952 Garamoei
1303 1936 1320 1970 ,
1347 1886 1666 1952 Chalonite
1683 1936 1700 1970 ,
1721 1886 1905 1952 urbes
1922 1885 2172 1971 Ninive,
2198 1886 2419 1951 Arbela
2439 1935 2460 1971 ,

380 2018 385 2023 ·
452 1997 870 2086 Gaugamela,
900 2000 1279 2085 Demetrias,
1323 2001 1677 2087 Apollonia,
1719 2000 1997 2066 Seleucia
2019 2047 2038 2083 ,
2084 1999 2459 2086 Ctesiphon3
2539 2004 2544 2009 ’

447 2111 649 2179 Persia
680 2112 963 2195 (Persis)
990 2162 1007 2196 ,
1048 2112 1229 2197 cujus
1254 2124 1457 2199 spartes
1477 2114 1676 2177 Persis
1696 2162 1714 2195 ,
1754 2113 1865 2178 ubi
1894 2114 2228 2198 Persepolis
2259 2124 2320 2177 et
2342 2102 2461 2176 As-

445 2224 686 2311 padana
714 2225 1055 2313 (Ispahan)
1082 2275 1101 2309 ,
1129 2227 1386 2291 Susiana
1415 2237 1478 2289 et
1497 2225 1764 2290 Elemais
1784 2275 1801 2308 ,
1829 2225 1937 2289 ubi
1972 2225 2124 2290 Susa
2144 2274 2162 2308 ,
2186 2224 2413 2290 Charax
2438 2275 2458 2309 ,

442 2339 752 2424 Elemais,
791 2340 1107 2406 Carmania
1130 2388 1148 2423 ,
1193 2339 1301 2405 ubi
1336 2337 1637 2404 Carmana
1657 2387 1676 2423 ,
1717 2336 2051 2423 Gedrosia,
2096 2337 2206 2403 ubi
2245 2337 2368 2404 Ora
2388 2350 2461 2404 ⁴et

440 2453 665 2537 Arbis3
713 2453 911 2521 Media
948 2475 1173 2541 magna
1197 2503 1216 2537 ,
1257 2454 1369 2519 ubi
1406 2453 1712 2518 Ecbatana
1764 2452 2124 2532 (Hamedan
2148 2450 2174 2542 )
2200 2501 2219 2538 ,
2262 2454 2456 2542 Ragae

380 2583 383 2586 ’
437 2568 805 2659 (Arsacia),
844 2568 1036 2632 Tabas
1062 2592 1080 2653 3
1120 2567 1319 2633 Media
1352 2574 1750 2655 Atropatene,
1785 2567 1897 2632 ubi
1922 2567 2156 2652 Mardi,
2185 2568 2410 2655 'Papuri
2433 2620 2452 2656 ,

438 2680 517 2747 ad
547 2703 718 2747 mare
745 2683 1065 2767 Caspium,
1101 2681 1286 2747 urbes
1323 2681 1504 2748 Gazae
1524 2731 1541 2766 ,
1580 2682 1884 2770 Cyropolis
1906 2730 1924 2767 ,
1960 2682 2260 2769 Praaspa3
2292 2685 2453 2749 Hir-

438 2796 614 2862 cania
637 2843 655 2880 ,
682 2794 761 2860 ad
783 2794 1100 2860 Orientem
1123 2795 1317 2881 Caspii
1339 2844 1356 2880 ,
1376 2795 1488 2860 ubi
1511 2795 1700 2860 Dahoe
1722 2841 1749 2872 ,
1775 2796 2011 2862 flumen
2034 2794 2244 2861 Ochus
2262 2846 2279 2881 ,
2305 2797 2452 2864 urbs

436 2910 689 2997 Syrinx,
734 2910 1038 2997 cujusque
1085 2931 1223 2996 pars
1279 2907 1609 2974 Parthiene
1633 2958 1651 2991 ,
1709 2909 1821 2973 ubi
1870 2909 2087 2974 Nisoea.
2142 2910 2451 2976 Hircaniae

439 3026 835 3090 contermina)
857 3023 998 3090 Aria
1026 3036 1088 3089 et
1124 3024 1473 3110 Margiana3
1504 3023 1602 3087 his
1639 3023 1716 3089 ad
1741 3021 2062 3090 Orientem
2094 3024 2406 3089 Bactriana
2428 3074 2447 3109 ,

440 3135 554 3199 ubi
571 3137 871 3222 Bactra‚et
885 3137 1232 3220 Arachosia,
1253 3138 1414 3202 infra
1435 3159 1626 3238 quam
1647 3136 1938 3202 Gedrosia
1952 3186 1971 3220 ‚
2003 3158 2149 3202 oum
2174 3137 2452 3224 utrisque

436 3247 679 3314 Indiam
700 3251 1026 3334 attingens.
1067 3250 1263 3334 Supra
1299 3251 1678 3316 Bactrianam
1709 3249 2054 3338 Sogdiana,
2092 3249 2202 3316 ubi
2237 3251 2450 3318 Mara«

433 3361 627 3430 canda
654 3411 671 3448 ,
707 3362 1110 3449 ejusdemque
1134 3362 1370 3427 faciunt
1399 3362 1783 3430 Chorasmios
1818 3364 1899 3432 ad
1925 3366 2208 3453 Caspium
2234 3415 2253 3451 ,
2282 3366 2448 3433 infra

431 3498 585 3564 quos
610 3478 902 3561 Barcaui,
943 3498 1122 3562 supra
1152 3476 1548 3562 Hyrcaniam.

446 3625 451 3636 ·
514 3589 709 3660 Indiae
736 3604 936 3680 partes
977 3590 1157 3657 ludia
1190 3591 1278 3655 cis
1312 3611 1370 3655 v.
1417 3591 1579 3657 iutra
1624 3592 1890 3680 Gangen
1915 3643 1933 3676 ,
1965 3605 2027 3657 et
2061 3592 2241 3658 India
2280 3602 2446 3660 extra

431 3706 713 3795 Gangen.
743 3707 819 3773 In
841 3709 947 3774 illa
969 3701 1228 3772 flumina
1255 3704 1477 3788 Indus,
1497 3708 1813 3790 Iomanes,
1844 3706 2152 3794 Hydaspes
2172 3756 2190 3790 ,
2208 3685 2460 3774 montes·
2527 3693 2530 3694 ⁷

426 3803 642 3888 Emodi
667 3871 684 3907 ,
711 3823 920 3888 Imaus
944 3872 961 3904 ,
991 3822 1259 3904 Taurus,
1291 3819 1475 3886 urbes
1494 3820 1801 3906 Barygaza
1827 3869 1844 3905 ,
1872 3821 2058 3908 Nyssa
2087 3818 2440 3912 (Nagara),

422 3934 626 4004 Taxila
654 3984 679 4014 ,
706 3935 1060 4023 Bucephala
1084 3983 1102 4018 ,
1133 3935 1426 4019 Serinda,
1457 3931 1844 4018 Palibothra,
1884 3933 2124 4000 Colchis
2144 3985 2163 4020 ,
2191 3938 2435 4006 Comar.

425 4049 573 4153 lmaa
590 4052 679 4119 cis
697 4051 961 4140 Gangen
984 4050 1179 4126 Indiae
1200 4050 1398 4118 vicina
1417 4049 1771 4140 Taprobana
1793 4072 1846 4118 v.
1865 4050 2062 4126 Salice
2084 4046 2366 4142 (ἅρματι
2380 4047 2434 4126 )‹
