3111 4829
1238 402 1261 484 (
1306 401 1421 462 105
1450 402 1489 479 ‘)

360 542 688 605 referentes
732 530 840 625 5).‘
868 532 1144 599 Similem
1181 533 1383 622 quoad
1426 532 1763 599 sacerdotes
1804 537 2101 601 rationem
2135 541 2319 607 fuisse
2344 592 2362 629 ‚

357 655 588 737 multa,
620 660 693 717 ut
728 650 1086 734 credamus,
1124 642 1386 715 'suadent
1432 646 1524 736 6).
1566 647 1692 714 Nec
1730 672 1871 716 vero
1910 652 2118 717 minus
2154 656 2370 719 ambi-

357 768 509 833 tiosa
553 765 809 830 imitatio
860 766 927 828 in
970 763 1243 829 aedificiis
1284 762 1591 849 publicis,
1643 762 2131 853 oppidorumque
2177 790 2372 834 orna-

358 880 581 946 mentis
606 904 624 960 ;
646 876 811 942 unde
832 877 898 941 in
936 877 1291 963 municipiis
1330 877 1594 962 Campus
1617 926 1635 960 ,
1677 875 1882 942 Arena
1903 925 1922 961 ‚
1967 879 2335 966 Capitolium
2355 930 2377 965 ‚

356 994 511 1076 alia3
543 993 916 1079 omninoque
950 989 1291 1074 municipia
1321 991 1388 1054 in
1424 991 1499 1054 iis
1537 1010 1784 1077 quoque
1813 990 2028 1075 rebus,
2058 992 2125 1056 in
2154 995 2378 1081 quibus

361 1130 489 1172 non
526 1103 939 1191 cogebantur,
963 1102 1189 1195 'matris
1227 1098 1480 1190 Imperii
1521 1126 1760 1168 morem
1791 1105 2056 1169 studiose
2100 1091 2336 1175 imitata
2357 1159 2379 1194 ‚

362 1219 601 1305 singula
631 1216 820 1282 veluti
858 1228 1106 1301 parvam
1133 1215 1353 1280 Romae
1383 1215 1723 1301 imaginem
1763 1215 2155 1286 exhibebant.
2212 1277 2215 1281 .

430 1403 585 1469 nef.
605 1401 813 1471 Ilugo&
833 1395 950 1452 261.
963 1401 1104 1466 -2)
1141 1401 1215 1449 Cs.
1247 1394 1396 1451 Roth.
1431 1419 1485 1468 p.
1504 1405 1587 1453 25.
1610 1403 1745 1470 *5)
1784 1405 2058 1458 Adeouria
2070 1411 2384 1477 ,quodpro-

364 1494 473 1560 prie
490 1494 768 1542 denumero
784 1492 942 1554 deno,
957 1490 1104 1539 latius
1116 1495 1315 1555 patente
1327 1489 1588 1554 significati
1591 1508 1686 1541 one
1702 1492 1798 1556 ,de
1819 1501 1994 1558 parte,
2016 1498 2268 1565 sectione,
2291 1509 2396 1580 eto·

364 1581 445 1652 §
469 1581 584 1631 269
600 1581 720 1646 )cf.
740 1580 913 1645 Pomp.
937 1579 1141 1633 Pandd.
1164 1579 1256 1643 50,
1282 1578 1377 1643 16,
1400 1577 1498 1628 259
1513 1576 1600 1647 §
1623 1580 1677 1629 5
1700 1580 1930 1643 -4)01“.
1957 1583 2061 1631 Cic.
2081 1589 2206 1650 ΑΨ.
2226 1591 2279 1657 2,
2299 1591 2402 1664 54,

364 1672 555 1722 ἰιιΡίε.
592 1670 673 1721 11.
696 1668 918 1732 —5)V.
940 1667 1087 1719 Hein.
1116 1669 1256 1734 App.
1283 1666 1398 1757 125.
1423 1668 1562 1732 -6)
1593 1668 1670 1717 Cf.
1703 1668 1808 1720 Cic.
1829 1687 1927 1737 pro
1950 1671 2075 1723 Ma.
2099 1675 2163 1725 10
2185 1678 2399 1745 ‚ibique

373 1766 481 1813 not.
503 1753 727 1823 Asconii.

468 1905 618 1967 118.
649 1901 1036 1987 Municipum
1063 1902 1168 1985 jus
1200 1900 1457 1987 singulis
1485 1894 1674 1968 etiam
1697 1929 1701 1933 ⁴
1726 1903 1964 1970 civibus
1993 1906 2231 1975 datum.
2263 1899 2402 1977 Cte-

374 2027 611 2100 terum,
640 2015 980 2100 municipia
1008 2014 1235 2097 Italiae,
1278 2036 1545 2101 quorum
1585 2037 1852 2103 magnus
1888 2037 2222 2107 numerus,
2268 2036 2407 2105 post

375 2129 681 2193 civitatem
731 2129 1029 2192 universae
1087 2124 1376 2190 donatam
1401 2174 1419 2210 ,
1468 2127 1746 2213 quamvis
1803 2128 1923 2194 hoe
1970 2130 2116 2215 jure
2170 2137 2409 2201 caeteris

378 2242 639 2307 urbibus
682 2240 820 2305 exin
858 2258 1066 2323 pares,
1108 2258 1339 2301 nomen
1387 2251 1707 2303 servarunt
1737 2236 1847 2326 1),
1889 2254 2181 2308 manente
2219 2247 2411 2314 etiam

380 2351 922 2422 administrationis
972 2349 1327 2416 discrimine
1378 2348 1487 2436 2).
1538 2352 1728 2417 Extra
1777 2352 2019 2419 Italiam
2067 2358 2413 2448 municipia

379 2470 497 2534 snb
531 2466 864 2533 caesaribus
891 2463 1145 2528 demum
1182 2463 1584 2528 inveniuntur
1618 2459 1724 2551 3),
1761 2486 2033 2552 quorum
2069 2477 2230 2537 clves
2257 2476 2413 2559 opti,

377 2601 631 2646 mamne
654 2628 672 2663 ‚
709 2578 907 2666 qualis
940 2587 1078 2641 tum
1117 2587 1286 2659 erat,
1324 2576 1634 2642 civitatem
1670 2575 2041 2660 habuerint,
2071 2605 2152 2648 an
2189 2585 2410 2653 eodem

380 2696 511 2759 fere
536 2693 727 2778 jure,
760 2713 881 2777 quo
920 2690 1069 2754 olim
1104 2690 1453 2775 municipes
1488 2693 1622 2753 sine
1660 2691 1946 2779 suffragio
1986 2697 2251 2782 fuerint,
2279 2699 2410 2765 dif-

382 2809 546 2873 ficile
584 2807 697 2890 sit,
734 2804 857 2869 sive
885 2804 1165 2868 universe
1193 2802 1316 2866 sive
1346 2801 1413 2865 in
1461 2797 1750 2888 singulis,
1795 2803 2252 2895 demonstrare3
2289 2811 2408 2877 ho-

382 2943 608 2986 norum
648 2930 855 2984 tamen
901 2917 969 2981 in
1011 2912 1166 2981 urbe
1218 2914 1625 3001 petendorum
1670 2917 1816 3000 jure
1874 2941 1975 2983 eos
2025 2924 2324 3006 caruisse,
2368 2950 2410 2990 e

384 3032 576 3100 Taciti
615 3033 749 3097 loco
795 3028 864 3118 4)
913 3029 1293 3114 suspicamur
1345 3025 1450 3115 5).
1504 3028 1984 3115 Municipiomm
2044 3035 2407 3119 reipublicae

382 3148 647 3211 formam
688 3141 1225 3208 administrationis
1249 3189 1266 3222 ,
1312 3140 1571 3204 omnino
1629 3153 1852 3206 statum
1898 3165 2044 3208 cum
2096 3145 2364 3231 Imperio
2387 3198 2407 3234 ,

387 3259 571 3343 cujus
608 3281 746 3344 pars
787 3262 1001 3339 erant,
1046 3254 1274 3319 mutari
1322 3274 1500 3318 neces
1503 3274 1567 3318 se
1605 3251 1744 3319 fuit.
1787 3256 1846 3319 A
1886 3255 2279 3326 Constantino
2316 3265 2404 3330 Μ.

385 3372 661 3459 primum
704 3367 1094 3434 vehementer
1147 3364 1390 3464 adflicta
1441 3388 1609 3451 esse,
1656 3366 1834 3433 docet
1889 3369 2055 3436 Roth
2106 3371 2207 3462 (p
2253 3374 2403 3463 32.)

389 3487 640 3554 Civitaie
674 3496 882 3551 autem
926 3503 1073 3547 cum
1108 3491 1231 3544 toto
1276 3480 1544 3564 Imperio
1586 3481 2083 3564 communicata,
2127 3484 2406 3571 sublato,

390 3600 592 3689 quoad
662 3599 890 3664 civium
932 3596 1110 3679 jura,
1170 3592 1537 3679 oppidorum
1587 3592 1940 3659 discrimine
1963 3617 2222 3692 ‚omnia
2250 3619 2406 3684 pro-

390 3715 624 3780 miscue
653 3710 993 3795 municipia
1022 3707 1315 3793 adpellari
1351 3718 1705 3792 coeperunt,
1746 3709 1991 3772 servatis
2029 3718 2237 3775 tamen
2259 3734 2407 3780 mu.

390 3828 670 3914 nicipum
706 3825 1046 3910 priscorum
1084 3820 1416 3907 privilegiis
1454 3818 1824 3907 quibusdam
1865 3817 1959 3907 6).

459 3989 509 4048 1)
530 3987 754 4038 Ὑλῑοῦι.
774 4001 828 4051 p.
846 3985 900 4035 7.
918 4012 981 4026 -
997 3984 1123 4035 Gen.
1141 3983 1231 4049 16,
1254 3984 1337 4049 15,
1353 3984 1692 4034 Proenesh‘nos
1705 3989 1874 4034 aulem
1896 3985 2049 4049 refert
2068 3985 2400 4062 (Hadrianus),

395 4083 613 4130 mmo
634 4093 781 4144 ψη
800 4093 835 4127 ο
870 4077 1074 4127 Tm
1110 4075 1421 4141 Imperatore
1435 4077 1644 4141 petiisse
1664 4091 1954 4143 orasseque,
1976 4085 2038 4126 ue
2055 4095 2115 4130 οι
2129 4084 2330 4135 colonia
2345 4089 2406 4135 in

2003 4168 2080 4228 14
