3111 4829
1481 643 1739 712 CAPUT
1776 643 1856 712 V.

1294 825 1477 896 RES
1531 820 2082 894 murinus-³

1405 981 1929 1030 ...nom

764 1154 918 1221 360.
966 1157 1104 1221 Duo
1129 1155 1436 1241 praecipuo
1462 1165 1606 1219 sunt
1633 1176 1669 1219 a
1706 1152 2003 1222 Romanis
2029 1161 2092 1217 et
2116 1173 2360 1218 summo
2399 1149 2699 1216 studio-et

679 1269 1026 1340 felicissime
1052 1271 1329 1355 exculta,
1355 1269 1495 1362 jus,
1520 1270 1706 1354 cujus
1739 1267 2048 1355 hodieque
2089 1279 2393 1353 praecepta
2435 1288 2708 1331 venera-

677 1405 822 1452 mur
847 1433 864 1468 ,
899 1394 962 1450 et
988 1406 1087 1451 ars
1113 1385 1426 1469 militaris,
1457 1406 1611 1471 qua,
1638 1406 1675 1448 a
1700 1385 1874 1447 tenui
1905 1378 2082 1448 initio
2114 1382 2457 1470 progressi,
2483 1381 2706 1446 orbem

681 1505 986 1561 terrarum
1027 1495 1385 1562 devicerunt
1404 1546 1422 1581 ,
1476 1493 1555 1560 ad
1610 1496 1788 1561 Marii
1826 1506 2105 1586 tempora
2160 1494 2487 1581 disciplina
2534 1494 2714 1579 juxta

682 1619 870 1695 atque
907 1610 1132 1679 virtute
1168 1609 1500 1674 mirabiles.

775 1724 990 1788 Militia
1018 1722 1183 1808 apud
1225 1746 1365 1806 eoS,
1401 1733 1471 1787 ut
1505 1744 1631 1790 non
1664 1724 2003 1787 voluntaria
2027 1772 2045 1805 ,
2068 1724 2154 1788 sic
2196 1722 2557 1788 honorifica.
2592 1722 2714 1791 Lex

688 1835 861 1899 enim
890 1882 909 1915 ‚
968 1834 1164 1899 Servii
1231 1835 1418 1898 Tullii
1488 1835 1762 1898 instituto
1789 1883 1806 1918 ‚
1873 1835 2114 1900 exclusa
2172 1821 2717 1921 *pauper-rimorum

593 2023 601 2032 ι
690 1949 878 2013 classe
907 1945 1000 2037 1),
1026 1970 1238 2012 omnes
1266 1946 1347 2012 ad
1368 1970 1539 2013 arma
1566 1970 1788 2014 vocans
1807 1997 1824 2032 ‚
1855 1970 1964 2034 pro
1992 1948 2275 2013 classium
2301 1948 2719 2033 facultatibuS,

691 2066 828 2131 aliis
850 2065 1108 2151 majores
1122 2114 1140 2150 ,
1161 2065 1295 2130 aliis
1315 2064 1585 2134 minores
1606 2065 1672 2129 in
1696 2066 1888 2151 patria
1914 2063 2302 2131 defendenda
2324 2066 2497 2153 quasi
2520 2077 2720 2153 partes

694 2178 1024 2246 mandabat
1054 2175 1152 2267 (§.
1186 2183 1310 2245 144
1344 2189 1407 2243 et
1438 2181 1588 2251 145.
1609 2175 1635 2267 )
1660 2179 1758 2244 Ad
1786 2201 1984 2244 servos
2010 2178 2112 2271 (§.
2145 2178 2291 2269 56.)
2313 2231 2331 2265 ,
2357 2182 2511 2267 quin
2533 2181 2724 2245 etiam

613 2333 617 2338 ·
694 2293 1012 2357 libertinos
1040 2292 1288 2360 nonnisi
1319 2269 1588 2358 extrema
1619 2295 1976 2360 necessitate
2015 2295 2446 2380 recurrebant,
2484 2293 2728 2365 histrio-

696 2428 809 2471 nes
830 2428 1076 2493 quoque
1115 2404 1401 2490 stipendii
1428 2404 1665 2471 honore
1699 2421 1996 2476 arcentes.
2041 2408 2429 2479 Mercenariis
2456 2407 2729 2475 Romani

700 2519 953 2589 omnino
991 2516 1088 2584 usi
1116 2538 1239 2581 non
1264 2528 1408 2582 sunt
1429 2567 1447 2602 ,
1484 2517 1610 2603 sed,
1649 2532 1831 2585 aucto
1863 2523 1930 2586 in
1962 2521 2164 2606 majus
2196 2522 2494 2610 Imperio,
2526 2523 2731 2613 legio—

703 2631 888 2696 nibus
915 2627 1136 2694 additae
1164 2630 1467 2697 sociorum
1507 2632 1700 2718 copiae
1727 2634 2047 2698 auxiliares
2077 2634 2170 2724 (§.
2221 2632 2409 2722 122.)
2522 2622 2523 2625 ¹

791 2745 1099 2808 Postremo
1148 2742 1443 2809 libertatis
1482 2749 1745 2831 saeculo‚
1791 2750 2092 2833 corruptis
2128 2748 2259 2832 jam
2299 2759 2436 2812 tum
2478 2749 2736 2814 vetustis

703 2855 1017 2944 moribus,
1044 2878 1244 2945 quum
1277 2856 1524 2923 ditiores
1555 2860 1794 2927 militiae
1820 2884 1977 2927 onus
2001 2860 2335 2931 detrectare
2361 2861 2687 2948 coepissent
2715 2912 2735 2947 ,

704 2970 961 3054 Marius,
987 2971 1292 3036 nobilitati
1326 2970 1605 3038 infensus
1626 3021 1645 3057 ,
1673 2974 2009 3039 exercitum
2033 2996 2215 3039 suum
2240 2975 2477 3060 primus
2520 2996 2589 3038 ex
2614 2974 2735 3038 ln—

704 3084 852 3150 fima
894 3085 1161 3150 maxime
1198 3085 1378 3171 plebe
1413 3088 1772 3175 composuit.
1823 3088 1925 3153 Sic
1964 3088 2200 3153 militiae
2237 3088 2339 3173 jus
2376 3098 2734 3174 aequatum3

706 3198 963 3284 deinde,
1001 3200 1163 3265 circa
1202 3200 1395 3265 finem
1420 3201 1749 3286 libertatis,
1772 3203 1902 3288 ipsa
1931 3201 2240 3266 militandi
2275 3203 2595 3266 necessitas
2623 3202 2737 3264 ci-

712 3314 889 3378 vibus
909 3363 926 3398 ,
950 3325 1083 3400 post
1108 3313 1222 3378 sub
1254 3315 1733 3400 Imperatoribus
1764 3316 1939 3380 sociis
1969 3338 2214 3404 quoque
2240 3317 2505 3381 remissa.

683 3484 686 3491 ,
801 3426 1069 3514 Reliqua
1121 3426 1198 3491 de
1253 3450 1320 3492 re
1354 3429 1607 3494 militari
1640 3429 1929 3517 deinceps
1977 3430 2156 3496 nobis
2188 3429 2444 3495 dicenda
2496 3429 2739 3514 titulis,-

711 3551 783 3614 ut
814 3551 1157 3627 sequuntur
1180 3590 1197 3625 ,
1230 3539 1636 3610 distinximus.

776 3651 827 3717 1)
855 3651 930 3707 cf.
953 3651 1097 3708 Nieb.
1119 3669 1169 3702 v.
1196 3652 1246 3702 1.
1267 3668 1319 3717 p.
1341 3653 1456 3709 267.

1211 3761 1514 3811 nanterus
1561 3770 1638 3813 nr
1682 3768 1940 3815 mmm
1985 3767 2235 3813 rmus.

797 3858 950 3920 361.
975 3856 1263 3921 Delectus
1283 3858 1440 3923 alins
1462 3870 1627 3925 extra
1647 3863 1928 3933 ordinem
1944 3910 1961 3945 ,
1991 3861 2146 3926 alius
2170 3869 2520 3943 consuetus,
2541 3881 2736 3946 quem

711 3967 1002 4041 Consules
1032 3970 1332 4058 designati
1362 3985 1626 4060 quatuor
1654 3973 1732 4040 de
1766 3998 1936 4039 more
1964 3975 2281 4060 legionum
2305 4021 2323 4056 ‚
2349 3974 2522 4039 lectis
2549 3997 2585 4039 a
2621 3997 2742 4059 po-

711 4082 858 4178 pulo
899 4084 1116 4172 viginti
1166 4098 1429 4173 quatuor
1475 4089 1766 4155 Tribunis
1795 4089 2103 4173 militum,
2149 4087 2457 4157 habebant
2495 4085 2556 4186 1)
2583 4137 2599 4174 ,
2629 4111 2743 4181 per
