3111 4829
1537 389 1793 474 (370)

674 536 843 602 urbis
875 531 1209 611 moenibus,
1243 547 1427 614 quam
1448 574 1464 607 ,
1500 524 1611 587 ubi
1652 523 1846 585 solum
1882 529 2186 606 pateretur
2215 566 2231 600 ,
2265 513 2690 581 *subterraneis

668 671 914 738 quoque
942 647 1053 711 viis
1073 693 1091 729 ,
1120 641 1422 709 cuniculis
1453 633 1520 724 9)
1547 687 1566 720 ,
1612 636 1940 700 tentabant.
1967 635 2076 699 His
2114 632 2269 699 adde
2302 633 2497 696 varias
2533 652 2688 695 ma-

664 763 876 832 chinas
918 757 1196 847 tegendis
1236 749 1725 842 oppugnantium
1783 741 2136 832 corporibus
2177 746 2451 810 inventas
2477 793 2495 827 ,
2545 755 2688 807 tes-

666 876 911 942 tudines
964 872 1069 960 10)
1094 922 1111 955 ‚
1145 881 1337 935 crates
1360 916 1376 949 ,
1416 867 1622 929 vineas
1648 911 1666 944 ,
1707 862 1942 947 pluteos
1981 855 2131 947 11),
2163 869 2279 922 etc.
2324 858 2450 922 Nec
2477 856 2695 920 minus

661 992 886 1057 obsessi
931 989 1196 1076 plurima
1237 989 1445 1047 contra
1487 974 2037 1054 machinabantur,
2068 981 2175 1036 aut
2217 969 2447 1036 crebris
2485 991 2693 1056 erup-

662 1105 931 1174 tionibus
976 1099 1212 1165 hostem
1257 1105 1588 1175 terrentes,
1644 1099 1961 1175 coeptaque
2013 1108 2193 1172 opera
2261 1084 2647 1150 destruentes
2671 1134 2693 1170 ,

669 1232 777 1288 aut
804 1220 871 1288 in
896 1215 1143 1303 propius
1175 1210 1531 1278 accedentes
1558 1205 1634 1271 de
1664 1226 1841 1270 muro
1865 1203 2148 1288 ingentes
2175 1198 2409 1284 lapides
2427 1247 2444 1282 ,
2471 1197 2698 1283 taedas,

666 1338 878 1401 oleum
909 1332 1146 1394 fervens
1166 1374 1184 1409 ‚
1214 1325 1331 1390 alia
1360 1323 1702 1402 mittentes,
1732 1317 1906 1404 queis
1931 1314 2245 1381 machinas
2283 1311 2692 1399 hominesque

669 1452 1084 1524 contererent,
1125 1447 1404 1518 urerent,
1432 1435 1843 1500 vulnerarent.

733 1606 784 1670 1)
808 1569 1039 1668 Figuram
1055 1614 1226 1651 earum
1238 1633 1254 1658 ,
1279 1595 1443 1645 addita
1463 1590 1868 1658 interpretatione
1887 1625 1903 1654 ‚
1927 1592 2055 1639 inter
2069 1588 2190 1638 alios
2209 1589 2490 1641 mhibetDe
2507 1589 2697 1643 rolant

667 1699 721 1748 in
743 1682 1097 1744 camdenus-io
1118 1688 1182 1736 ad
1203 1686 1484 1751 Polybium.
1506 1684 1545 1732 E
1562 1682 1811 1733 veteribus
1832 1682 1935 1736 huc
1955 1680 2225 1730 trahendus
2245 1681 2308 1729 do
2329 1681 2480 1730 robus
2500 1681 2702 1733 bellabis

666 1786 827 1850 ignoti
870 1782 1085 1833 auctoris
1123 1779 1338 1838 libellus.
1358 1774 1504 1834 —2)
1537 1773 1613 1822 Cf.
1651 1770 1780 1822 Luc.
1816 1772 1880 1836 5,
1921 1772 2034 1823 405.
2055 1771 2198 1833 -5)
2230 1771 2306 1820 Cf.
2328 1771 2437 1821 Liv.
2459 1771 2555 1837 21,
2590 1772 2651 1822 11
2675 1807 2698 1836 ‚

666 1876 791 1923 Caes.
813 1876 873 1923 do
900 1873 965 1922 B.
1003 1871 1061 1921 C.
1082 1871 1142 1933 2,
1176 1869 1239 1932 2,
1262 1868 1382 1917 Tae.
1400 1867 1541 1915 Hise.
1565 1863 1626 1929 4,
1651 1864 1746 1929 25,
1768 1862 1892 1927 Veg.
1913 1860 1974 1924 4,
1997 1861 2080 1910 22.
2104 1862 2231 1925 ibiq.
2253 1862 2403 1911 Stew.
2425 1889 2489 1899 —
2511 1860 2574 1924 4)
2613 1861 2699 1909 Cf.
2779 1887 2784 1891 ·

668 1963 790 2012 Caes.
825 1965 886 2011 de
919 1961 984 2010 B.
1002 1957 1066 2010 C.
1101 1959 1133 2008 2
1152 1996 1167 2022 ,
1190 1957 1251 2018 9,
1274 1957 1381 2005 Liv.
1408 1957 1447 2004 l.
1483 1971 1531 2004 c.
1564 1961 1615 2004 et
1646 1953 1740 2017 39,
1782 1953 1846 2015 5,
1870 1950 2063 1999 Vitruv.
2086 1949 2178 2015 10,
2208 1950 2298 2014 15,
2317 1951 2465 2000 Stew.
2489 1950 2527 1998 l.
2553 1965 2602 1998 c.
2622 1977 2696 1989 —

666 2053 719 2117 ὅ)
747 2054 891 2100 Auct.
913 2052 978 2100 B.
996 2048 1162 2112 Afric.
1184 2047 1276 2110 56,
1297 2046 1404 2095 Liv.
1425 2046 1519 2108 26,
1542 2044 1605 2093 47
1629 2050 1679 2092 et
1697 2042 1791 2106 49,
1814 2044 1962 2092 stew,
1985 2042 2023 2090 l.
2048 2057 2097 2090 c.
2122 2065 2187 2082 -
2209 2041 2262 2106 6)
2287 2043 2362 2090 Cf.
2385 2043 2506 2091 Caes.
2528 2043 2591 2090 de
2611 2042 2683 2093 Β.

671 2145 735 2192 G.
756 2143 817 2204 7,
840 2143 922 2192 25.
943 2141 1083 2200 -7‚
1104 2139 1304 2188 cneio.
1326 2135 1622 2199 aunam,
1648 2135 1834 2199 4‚1.iv.
1857 2134 1950 2198 52,
1974 2132 2034 2183 17
2054 2133 2292 2197 ,omae
2314 2134 2380 2183 B.
2405 2132 2463 2184 c.
2488 2133 2549 2194 2,
2573 2132 2606 2181 8
2631 2139 2694 2182 et

664 2233 729 2295 9,
753 2233 903 2279 Stew.
924 2231 989 2277 ud
1010 2231 1132 2291 νος.
1155 2227 1215 2286 4,
1239 2224 1321 2274 17.
1339 2250 1399 2260 -
1418 2226 1473 2286 8)
1496 2226 1572 2268 Cf.
1602 2225 1708 2268 Liv.
1733 2223 1796 2268 9AE
1814 2255 1832 2282 ,
1854 2222 1946 2282 54,
1983 2222 2046 2267 38
2068 2255 2085 2283 ‚
2124 2222 2157 2268 5
2175 2254 2192 2283 ,
2216 2223 2366 2268 Stew.
2385 2220 2447 2268 ad
2468 2220 2591 2285 Veg.
2616 2221 2682 2286 4,

664 2320 748 2367 21.
773 2347 829 2356 -—
849 2317 901 2380 9)
931 2315 1008 2364 Cf.
1028 2316 1151 2363 (ἓως.
1184 2314 1250 2363 Β.
1292 2311 1356 2360 G.
1394 2310 1460 2375 7,
1494 2309 1593 2373 22,
1616 2308 1722 2357 Liv.
1742 2308 1807 2357 58
1827 2344 1842 2370 ,
1863 2307 2073 2372 7‚Vell.
2097 2308 2165 2371 2,
2189 2307 2284 2372 27,
2307 2308 2485 2357 zosim.
2510 2309 2573 2373 ὅ,
2594 2309 2682 2358 22.

664 2407 936 2469 —10)ct·.
961 2406 1068 2454 Liv.
1092 2404 1184 2466 54,
1210 2402 1301 2466 29,
1325 2403 1445 2450 Tac.
1468 2402 1613 2451 Anu.
1651 2400 1742 2465 13,
1764 2398 1847 2450 59.
1866 2399 2032 2466 -11)
2057 2398 2134 2448 Cf.
2153 2400 2275 2449 Caes.
2297 2400 2442 2450 doB.
2463 2399 2520 2451 C.
2538 2399 2597 2466 2,
2617 2398 2681 2464 9,

665 2499 787 2563 Veg.
807 2499 869 2562 4,
894 2497 954 2546 15
974 2533 989 2559 ,
1014 2496 1120 2545 Liv.
1140 2493 1205 2545 54
1222 2493 1350 2558 ,17,
1369 2491 1492 2541 Luc.
1517 2490 1578 2555 ὅ,
1603 2489 1718 2541 ⁴74.
2103 2514 2106 2519 -

1302 2654 1476 2723 mum
1520 2651 1785 2697 RAVAus
1829 2650 2040 2695 RATIO.

763 2799 914 2863 373.
963 2794 1171 2861 Navali
1226 2792 1439 2880 proelio
1477 2792 1752 2878 primum
1792 2802 2177 2861 certaverunt
2218 2794 2485 2859 Romani
2521 2792 2691 2860 bello

663 2913 911 2978 Punico.
942 2909 1140 2995 primo
1163 2958 1180 2991 ,
1218 2906 1554 2993 inexperti,
1600 2915 1661 2970 et
1701 2904 1961 2969 navibus
2007 2906 2168 2971 male
2207 2905 2443 2971 idoneis
2481 2906 2691 2993 impa-

667 3050 765 3093 res
817 3025 915 3113 1),
946 3046 1084 3091 mox
1112 3022 1373 3106 majores
1404 3019 1483 3087 ad
1517 3016 2118 3105 Carthaginiensium
2149 3020 2457 3105 exemplar
2492 3020 2693 3086 fabri-

668 3146 809 3210 cati.
853 3142 1156 3207 caeterum
1181 3137 1404 3217 virtute
1435 3144 1496 3200 et
1530 3142 1821 3199 consueta
1848 3132 1916 3195 in
1944 3153 2013 3196 re
2048 3131 2301 3197 militari
2343 3131 2643 3200 industria
2672 3181 2698 3215 ,

670 3254 999 3323 accedente
1033 3254 1219 3321 etiam
1248 3250 1558 3316 sociorum
1583 3295 1603 3330 ,
1642 3245 1923 3332 inprimis
1946 3244 2342 3312 Rhodiorum
2366 3269 2482 3332 ope
2503 3295 2523 3329 ,
2564 3259 2627 3313 et
2657 3272 2697 3315 e

670 3371 847 3436 bellis
882 3391 1030 3435 cum
1060 3365 1297 3446 Poenis,
1340 3384 1488 3429 cum
1517 3361 1741 3448 Illyriis
1765 3409 1782 3444 ,
1810 3379 1958 3425 cum
2004 3358 2307 3425 Antiocho
2348 3360 2529 3446 gestis
2572 3383 2696 3425 ex·-

673 3483 969 3572 perientia
998 3528 1015 3563 ,
1068 3489 1308 3547 tantum
1355 3476 1744 3562 profecerunt
1769 3520 1796 3555 „
1831 3483 1902 3536 ut
1948 3472 2114 3537 circa
2159 3471 2351 3537 finem
2395 3471 2704 3539 libertatis

673 3597 831 3663 mari
874 3595 1049 3679 juxta
1086 3603 1270 3678 atque
1313 3601 1473 3653 terra
1515 3586 1849 3672 imperium
1888 3586 2273 3668 obtinerent3
2317 3584 2419 3650 cui
2459 3583 2708 3651 tuendo,

676 3708 898 3774 deinde
936 3708 1196 3773 Caesares
1218 3753 1236 3787 ,
1274 3714 1344 3769 ut
1377 3711 1687 3768 terrestres
1716 3700 2060 3783 exercitus,
2094 3698 2179 3764 sic
2206 3698 2425 3764 classes
2467 3719 2697 3784 perpe-

677 3835 811 3887 tuas
836 3823 1128 3887 habuere.

768 3935 983 3999 Classis
1007 3982 1024 4015 ,
1072 3944 1289 4018 praeter
1332 3931 1639 4001 onerarias
1674 3928 2047 4014 levioresque
2095 3946 2277 3991 naves
2324 3921 2437 4010 2),
2482 3927 2708 4013 quales

680 4048 959 4113 actuariae
983 4094 1000 4127 ,
1031 4046 1356 4111 tabellaria}
1401 4041 1468 4129 3)
1495 4093 1513 4128 ,
1559 4041 1970 4130 speculatoriae
2003 4034 2106 4124 4),
2144 4039 2409 4103 liburnae
2434 4036 2502 4128 5)
2525 4089 2542 4124 ,
2574 4063 2699 4106 ce-
