3111 4829
1399 422 1648 505 (117)

513 554 750 641 patricii
782 553 1112 640 patrocinio
1142 551 1430 639 adeptus,
1477 551 1799 637 ejusdem,
1837 563 1909 617 ut
1952 551 2272 619 Cornelius
2292 552 2536 618 Balbus'

515 669 694 734 Corn.
719 669 959 734 Lentuli
987 666 1091 756 3),
1112 679 1219 733 aut
1248 669 1296 732 si
1318 656 1728 733 manumissus
1747 667 1982 735 domini
2007 668 2084 759 (ς
2104 667 2249 757 62.)
2276 689 2524 751 nomen,

515 791 584 845 ut
625 802 758 844 mos
804 791 932 846 erat
954 827 978 855 ,
1037 792 1391 846 assumeret.
1439 781 1847 846 Patriciorum
1897 782 2139 869 insigne
2182 792 2526 847 memorant

510 895 755 976 lunam,
777 895 1092 978 lunulam,
1113 894 1180 958 in
1195 894 1417 959 calceis
1438 882 1871 960 ornamentum
1888 942 1912 970 ,
1932 894 2113 980 cujus
2135 896 2298 961 varia
2319 906 2408 960 est
2421 897 2527 960 in-

513 1008 859 1093 terpretatio
902 1004 969 1094 4)
994 1055 1011 1089 ,
1055 1008 1160 1073 sed
1213 1009 1521 1095 vulgatior
1573 1010 1820 1073 numeri
1876 1010 2214 1075 centenarii
2278 1010 2526 1095 signum

512 1120 701 1204 facit,
741 1121 850 1206 qui
894 1141 1194 1186 numerus
1230 1122 1352 1185 fuit
1396 1121 1740 1206 primorum
1797 1132 2165 1187 senatorum.
2191 1121 2526 1208 'Postquam

507 1254 651 1316 Jure
676 1233 843 1297 civili
870 1236 999 1301 fere
1037 1234 1260 1320 aequati
1289 1232 1534 1299 ordines
1555 1283 1575 1318 ‚
1633 1234 1912 1321 gentium
1958 1244 2165 1299 tamen
2222 1231 2529 1296 distinctio

511 1344 538 1433 (
557 1348 616 1433 §.
647 1349 752 1409 80.
781 1343 806 1433 )
840 1359 899 1410 et
947 1346 1199 1432 patricia
1250 1346 1570 1430 nohilitaS,
1620 1368 1730 1432 per
1759 1347 1981 1411 saecula
2011 1355 2339 1432 propagata
2358 1392 2378 1427 ,
2407 1342 2532 1408 du-

511 1458 703 1541 ravit,
758 1458 873 1523 sub
900 1459 1238 1526 Caesaribus
1271 1459 1526 1524 demum
1576 1459 1786 1544 paucis
1832 1460 2081 1523 familiis
2112 1479 2405 1544 superans
2436 1452 2528 1543 ὃ).

514 1568 683 1649 Quin
713 1570 898 1634 etiam
919 1618 937 1653 ,
976 1583 1043 1634 ut
1071 1572 1238 1657 plebi
1259 1571 1609 1637 tribunatus
1631 1572 1756 1655 '‚»ita
1775 1572 2044 1657 patriciis
2080 1563 2318 1657 p'ropria
2347 1590 2532 1656 que>-

513 1679 655 1745 dam
684 1703 994 1766 mansere,
1014 1684 1190 1747 nobis
1213 1685 1335 1749 suis
1356 1706 1620 1771 quaeque
1642 1685 1789 1749 locis
1809 1695 2165 1750 memorata.
2197 1683 2498 1751 Caeterum
2513 1730 2532 1766 ,

516 1804 585 1857 ut
634 1795 788 1859 olim
834 1795 1103 1881 patriciis
1160 1808 1591 1882 accesserunt,
1636 1819 1789 1885 quos
1843 1796 1921 1862 de
1970 1797 2150 1883 plebe
2207 1796 2329 1861 sive
2380 1796 2534 1860 Tar-

515 1906 765 1992 quinius
806 1909 874 1972 P.
903 1957 921 1992 ,
956 1909 1078 1972 sive
1110 1910 1296 1994 primi
1327 1910 1619 1974 Consules
1654 1911 1719 1974 in
1755 1921 2035 1975 senatum
2079 1910 2286 1996 legere
2309 1956 2328 1991 ,
2357 1909 2443 1974 sic
2471 1920 2538 1980 et

513 2018 774 2084 durante
823 2021 1101 2087 libertate
1139 2033 1198 2086 et
1220 2022 1339 2087 sub
1370 2023 1708 2089 Caesaribus
1748 2023 2065 2087 interdum
2113 2023 2383 2108 singulos
2427 2032 2536 2086 aut

514 2132 718 2217 plures
742 2180 761 2216 ,
792 2145 1094 2199 senatores
1137 2136 1404 2199 maxime
1426 2183 1444 2218 ,
1467 2135 1532 2198 in
1573 2136 1854 2220 patricios
1891 2134 2151 2198 adscitos
2172 2156 2208 2198 e
2235 2129 2535 2219 Tacito·6)

515 2245 771 2331 aliisque
827 2247 1195 2332 colligimus.
1240 2246 1351 2309 His
1392 2268 1568 2330 vero,
1611 2244 1868 2329 dubito,
1919 2266 2000 2308 an
2040 2266 2188 2308 cum
2238 2243 2414 2306 titulo
2465 2264 2540 2306 ea

516 2380 762 2445 quoque
792 2356 929 2424 data
979 2359 1141 2441 sint,
1181 2379 1320 2447 quae
1375 2358 1689 2444 religionis
1737 2357 2075 2423 reverentia
2122 2355 2541 2422 vetustissimis

516 2472 913 2556 patriciorum
977 2473 1264 2560 gentibus
1314 2473 1630 2559 reliquisse
1692 2472 1953 2554 videtur.
2028 2472 2266 2537 Novum
2320 2471 2540 2558 utique

529 2607 726 2671 genus
753 2586 992 2650 induxit
1024 2586 1457 2654 Constantinus
1482 2585 1564 2651 M.
1590 2586 1978 2671 ,patriciatus
2005 2584 2183 2650 titulo
2212 2584 2541 2651 curulibus

512 2698 848 2764 honoribus
880 2702 1121 2764 functos
1162 2699 1241 2764 ad
1294 2720 1604 2764 summam
1649 2698 2016 2787 dignitatem
2066 2697 2334 2765 evehens
2370 2697 2440 2786 7)
2472 2700 2539 2762 in

516 2812 844 2878 consilium
873 2813 1173 2899 Principis
1199 2811 1614 2878 adsciscendo.

580 2979 631 3036 1)
666 2979 742 3026 Cf.
766 2979 886 3028 Tac.
904 2981 1046 3029 Anu.
1067 2980 1130 3044 5,
1150 2979 1367 3039 48.-2›
1387 2980 1465 3028 Cf.
1484 2980 1605 3028 Tac.
1630 2979 1775 3027 Anu.
1801 2977 1858 3028 11
1884 3015 1901 3043 ,
1925 2978 2086 3028 24—
2103 2976 2231 3039 8)V.
2253 2976 2541 3040 Nieupoort.

516 3067 541 3116 1
567 3103 584 3130 .,
609 3065 669 3131 4,
702 3069 753 3116 2.
775 3096 836 3106 —
855 3068 907 3133 4)
929 3069 991 3118 V.
1016 3070 1148 3118 Plut.
1188 3070 1365 3133 Qum-st
1396 3069 1547 3119 Rom.
1573 3095 1637 3107 —
1655 3069 1708 3128 5)
1745 3068 1810 3116 V.
1835 3068 1956 3116 Tac.
1998 3068 2141 3116 Ann-
2168 3065 2263 3128 11,
2296 3065 2380 3114 25.
2401 3091 2463 3102 —
2488 3066 2542 3123 6)

517 3157 659 3203 Ann.
678 3154 733 3205 11
751 3193 767 3220 ,
792 3157 915 3206 242»ae
929 3158 1013 3207 25.
1038 3158 1112 3206 Cf.
1129 3158 1235 3206 Jul.
1258 3157 1418 3222 Capit.
1437 3158 1611 3206 Marc.
1633 3160 1819 3210 Aaron.
1840 3153 1885 3224 §.
1909 3156 1956 3206 1.
1973 3190 1990 3220 ,
2009 3153 2467 3218 Lamprid.Comm.
2488 3154 2542 3222 6,

521 3241 615 3292 AEl.
642 3245 800 3308 Spart.
826 3247 957 3300 Did.
980 3246 1093 3295 Jut.
1118 3245 1171 3294 ὅ.
1189 3272 1253 3286 --
1268 3244 1322 3311 7)
1342 3245 1419 3294 Cs.
1443 3245 1634 3294 Nitsch.
1652 3261 1703 3294 v.
1724 3245 1774 3297 1.
1795 3261 1847 3309 p.
1864 3243 1961 3293 219
1976 3280 1992 3310 ‚
2015 3243 2300 3307 Nieupoort.
2317 3241 2351 3290 6
2369 3277 2385 3305 ,
2404 3239 2437 3289 5
2455 3276 2472 3304 ,
2491 3239 2543 3289 4·

612 3408 759 3471 132.
784 3408 835 3471 A
867 3409 1120 3494 patricia
1141 3407 1457 3475 nobilitate
1476 3408 1678 3473 differt
1703 3458 1721 3493 ,
1740 3431 1882 3496 quae
1901 3408 2288 3494 magistratus
2299 3405 2544 3469 curules

515 3519 885 3604 sequebatur
909 3570 927 3605 ,
963 3543 1109 3585 cum
1132 3522 1275 3606 jure
1302 3522 1607 3608 imagines
1637 3522 1945 3607 majorum
1976 3521 2041 3584 in
2072 3519 2226 3584 attio
2273 3515 2545 3602 ponendi

513 3631 845 3713 conjuncta
885 3634 946 3720 1)
974 3657 991 3710 ;
1037 3632 1205 3696 unde
1249 3631 1487 3696 nobiles
1510 3631 1589 3695 ab
1622 3631 2000 3718 ignobilibus
2031 3628 2500 3713 distinguuntur
2523 3674 2543 3708 ,

514 3753 575 3814 et
603 3742 708 3826 jus
748 3744 1096 3831 imaginum
1126 3746 1313 3832 primi
1341 3746 1408 3810 in
1454 3747 1759 3813 familiam
1801 3766 1973 3810 suam
1999 3743 2362 3807 inducentes
2380 3762 2545 3804 con—

512 3858 755 3921 temtim
795 3857 1076 3924 homines
1115 3860 1257 3924 novi
1308 3859 1598 3944 adpellati
1651 3868 1793 3922 sunt
1837 3853 1927 3943 2).
2001 3856 2154 3940 Ipsae
2197 3853 2497 3939 imagines
2523 3902 2544 3936 ,

516 3992 552 4032 c
573 3990 712 4037 cera
741 3993 807 4035 ex
818 3995 1030 4056 prcssae
1050 3972 1384 4036 dimidiatae
1406 3971 1674 4057 corporis
1703 3969 1935 4055 effigies
1954 3967 1978 4057 (
1991 3963 2236 4046 mov-open*
2253 4015 2270 4049 ,
2293 3962 2509 4051 butte)
2524 4012 2543 4046 ,

382 4067 400 4078 ⁶
516 4085 580 4158 in
611 4088 855 4158 funebri
881 4111 1097 4176 pompa
1131 4086 1240 4178 (§.
1272 4084 1499 4174 486.)‚
1525 4088 1590 4150 in
1613 4108 1736 4173 quo
1755 4084 1860 4170 jus
1889 4081 2233 4170 imaginum
2255 4078 2539 4148 nonnulli
