3111 4829
1516 326 1767 409 (400)

619 464 865 551 propria
886 468 1066 545 sunt,
1088 471 1522 548 praeposterum
1541 462 1914 546 judicamus,
1939 464 2093 529 Nam
2120 465 2230 551 qui
2260 466 2345 530 sic
2368 466 2616 534 faciunt
2631 510 2651 550 ,

620 599 747 642 non
769 574 1014 660 vident,
1045 577 1195 640 sein
1225 577 1518 643 Romanis
1539 579 1822 662 culpare,
1866 599 2004 664 quae
2039 602 2075 643 a
2114 579 2373 642 summis
2397 580 2653 646 illorum

620 692 945 756 virtutibus
984 692 1242 778 separari
1285 701 1615 777 nequeant.
1668 691 1747 754 At
1786 693 2005 756 merito
2053 694 2188 757 aliis
2234 694 2653 780 offendimur,
2687 711 2698 721 '

622 810 790 872 velut
811 806 1203 893 patriciorum
1231 807 1388 870 fastu
1415 854 1432 889 ‚
1463 817 1523 869 et
1542 806 1610 868 in
1636 806 1880 892 plebem
1898 854 1915 889 ,
1952 808 2389 893 utplurimum
2411 811 2657 897 aequis-

624 922 776 986 sima
825 920 1198 1007 flagitantem
1223 968 1240 1003 ‚
1300 919 1548 1004 injuriis
1573 969 1590 1003 ‚
1641 922 1902 985 aliarum
1956 923 2236 1007 gentium
2291 935 2610 988 contemtu
2638 968 2657 1008 ,

620 1035 1010 1100 victoriarum
1057 1027 1919 1120 insolentia‚'triumphorum
1973 1036 2300 1121 superbia,
2346 1039 2414 1102 in
2465 1040 2657 1105 victos

625 1152 807 1215 etiam
827 1200 844 1231 ‚
869 1172 1066 1235 quum
1087 1172 1120 1213 e
1145 1143 1457 1238 republica
1479 1148 1790 1222 videretur
1809 1199 1825 1232 ‚
1849 1152 2246 1216 inclementia
2269 1200 2290 1236 ‚
2321 1164 2383 1217 et
2405 1164 2658 1219 senatus

624 1262 951 1327 insatiabili
987 1273 1210 1328 cuncta
1239 1262 1567 1347 subigendi
1599 1263 1912 1349 cupidine.
2286 1270 2290 1274 ’

714 1377 837 1443 Sed
879 1377 1010 1442 haec
1051 1379 1292 1464 aliaque
1336 1378 1402 1440 in
1445 1379 1740 1444 Romanis
1788 1379 2297 1463 reprehendenda
2341 1383 2654 1447 intuentes

625 1493 992 1561 recentiores
1022 1492 1342 1573 nonnulli,
1376 1492 1441 1554 in
1483 1492 1849 1555 contrariam
1881 1493 2088 1556 nimiis
2121 1515 2336 1558 eorum
2374 1494 2662 1561 laudato-

625 1608 798 1673 ribus
816 1608 1061 1692 culpam
1084 1605 1471 1684 inciderunt,
1497 1616 1568 1668 ut
1585 1604 1654 1668 hi
1671 1605 1748 1668 de
1772 1606 1960 1688 vitiis,
1982 1607 2066 1670 sic
2088 1607 2203 1692 ipsi
2229 1606 2307 1672 de
2327 1609 2661 1675 virtutibus

622 1742 945 1808 perperam
983 1719 1349 1803 judicantes.
1393 1719 1549 1781 Nam
1592 1730 1794 1783 nostra
1830 1718 2083 1805 quidem
2130 1730 2304 1784 aetate
2345 1720 2464 1788 hoc
2499 1723 2661 1809 qui-

622 1834 885 1900 busdam
916 1833 1288 1919 propositum
1320 1832 1503 1895 fuisse
1539 1831 1816 1896 dicamus
1835 1882 1852 1917 ,
1889 1855 2012 1897 non
2034 1880 2051 1915 ,
2084 1844 2154 1897 ut
2182 1835 2394 1920 quales
2418 1836 2665 1900 fuerint

624 1944 1050 2030 Romani,sed,
1070 1957 1136 2009 ut
1152 1945 1434 2031 pessimos
1452 1944 1774 2031 hucusque
1795 1945 2147 2031 praedicatos
2169 1961 2321 2032 esse3
2342 1947 2658 2015 docerent.

627 2063 747 2127 Nos
789 2072 994 2126 autem
1017 2108 1034 2143 ,
1080 2058 1131 2123 si
1180 2059 1459 2124 universe
1508 2058 2037 2143 pronuntiandum
2063 2109 2079 2142 ,
2134 2083 2282 2126 cum
2330 2062 2404 2126 iis
2455 2064 2664 2148 potius

628 2174 998 2256 sentiamus,
1042 2173 1153 2260 qui
1194 2173 1422 2258 priscos
1469 2173 1716 2236 illorum
1748 2191 1948 2237 mores
1973 2173 2155 2238 laude
2191 2197 2385 2261 quam
2406 2176 2670 2261 vitupe-

628 2291 863 2356 ratione
906 2287 1252 2375 dignioreS,
1297 2286 1506 2350 multis
1560 2285 1745 2350 etiam
1784 2286 2140 2350 nominibus
2199 2310 2383 2374 super
2443 2312 2662 2355 omnes

629 2403 923 2490 populoS‚
972 2422 1240 2488 quorum
1291 2421 1438 2464 cum
1488 2397 1563 2462 iis
1619 2398 2138 2484 comparationem
2192 2412 2362 2466 vetus
2404 2399 2663 2470 historia

629 2516 963 2599 concedat,
990 2514 1296 2579 mirandos
1315 2514 1500 2578 fuisse
1521 2514 1873 2579 existiment
1904 2512 1994 2602 2).

698 2653 751 2718 1)
776 2653 852 2701 Cf.
874 2653 996 2700 Hor.
1018 2652 1116 2700 od.
1140 2648 1167 2699 1
1186 2686 1203 2714 ‚
1227 2650 1291 2700 12
1307 2687 1323 2715 ,
1345 2651 1481 2699 Flor-
1505 2651 1529 2701 1
1554 2686 1572 2716 ‚
1600 2650 1679 2700 18.
1703 2678 1767 2688 -
1785 2651 1838 2716 2)
1865 2650 1942 2700 Cl'.
1965 2651 2169 2719 Dionys.
2194 2654 2306 2703 nal.
2330 2655 2422 2703 lib.
2445 2657 2494 2706 1.

726 2772 876 2834 400.
926 2766 1346 2831 Pulcherrima
1406 2788 1546 2853 quae
1609 2765 1912 2852 diximus,
1967 2779 2175 2834 secuta
2238 2782 2379 2833 sunt
2422 2766 2686 2835 trium-⁷

640 2884 917 2973 phantiS,
954 2883 1097 2947 dein
1120 2904 1226 2969 per
1261 2904 1325 2946 se
1349 2881 1580 2946 ruentis
1609 2884 1824 2945 Romae
1861 2884 2083 2947 saecula
2114 2880 2176 2971 1)
2201 2929 2219 2968 ‚
2255 2887 2477 2951 aemula
2506 2887 2668 2952 Car..

620 2996 888 3089 thagine
946 2999 1219 3080 devicta,
1267 3020 1376 3083 per
1432 2997 1777 3082 Graeciam,
1826 3020 1966 3062 mox
2029 2999 2094 3062 in
2149 3000 2358 3065 Asiam
2416 3025 2668 3090 quoque

636 3127 876 3181 extento
907 3114 1182 3199 imperio.
1220 3112 1373 3175 Nam
1404 3110 1782 3175 devictarum
1825 3113 2105 3197 gentium
2143 3114 2364 3199 opibus
2404 3137 2476 3178 ex
2503 3117 2669 3182 inso-

633 3230 823 3293 lentia
864 3228 1042 3293 citius
1078 3226 1390 3311 corrupti,
1420 3236 1689 3290 extremo
1727 3226 2021 3290 libertatis
2052 3237 2326 3312 tempore
2352 3229 2449 3292 vix
2472 3229 2667 3316 quid-

624 3366 821 3431 ,quam
875 3343 1052 3428 prisci
1092 3341 1279 3406 motis
1334 3340 1647 3426 integrum
1697 3339 2013 3406 servabant
2055 3338 2166 3429 2),
2207 3344 2431 3409 frustra
2477 3344 2664 3409 obni-

634 3460 940 3540 tentibu8‚
997 3480 1149 3544 quos
1186 3478 1255 3521 ea
1297 3468 1439 3520 aetas
1475 3455 1620 3519 tulit
1664 3450 1879 3521 Catoni
1920 3455 2141 3540 majori
2184 3457 2413 3521 similes
2456 3459 2620 3523 viros
2646 3509 2664 3543 ‚

631 3574 874 3660 legibus
897 3571 922 3661 (
936 3574 995 3657 §.
1027 3567 1219 3657 466.)
1247 3571 1459 3634 luxum
1485 3565 1589 3658 3),
1612 3570 1956 3653 avaritiam,
1982 3571 2284 3637 ambitum
2308 3622 2325 3653 ‚
2353 3574 2663 3660 praecipua

631 3689 793 3752 mala
826 3684 931 3774 4),
957 3706 1238 3750 coercere
1269 3695 1594 3767 conantes,
1624 3684 1769 3770 ipsis
1806 3685 2148 3750 litterarum
2184 3688 2539 3775 artiumque
2580 3689 2665 3754 ad

631 3799 973 3861 molliorem
1019 3798 1205 3861 vitam
1252 3796 1558 3862 illecebris
1599 3798 1930 3861 nonnullos
1978 3799 2246 3863 infensos
2299 3800 2395 3889 (§.
2459 3799 2662 3890 417.)

630 3910 830 3997 Igitur
862 3913 1153 3995 primores
1185 3911 1441 3974 civitatis
1464 3959 1485 3995 2
1526 3911 1979 3995 provinciarum
2023 3913 2298 3998 plerique
2348 3915 2664 3979 vexatione

518 4024 529 4029 ’
633 4023 958 4113 spoliisque
1003 4024 1399 4109 locupletati,
1451 4025 1833 4111 opibusque,
1893 4036 2197 4112 quantum
2250 4027 2399 4092 olim
2447 4031 2661 4116 patrico
