3111 4829
1560 392 1768 479 (88)

1710 526 1722 537 ο
1796 523 1806 533 ι
1883 520 1894 533 o
1967 517 1979 531 0

660 628 906 692 mancipio
925 627 982 674 iis
1000 623 1247 673 inter-dnm
1262 637 1376 670 usos
1397 635 1501 668 esee
1522 617 1788 681 scriptores
1802 650 1820 678 ‚
1860 616 1918 660 ut
1935 625 2053 658 sane
2070 607 2267 656 videtur
2285 605 2456 653 secisse
2474 604 2648 653 Cicero
2664 642 2682 671 ,

664 724 797 786 Top.
819 720 850 770 5
862 755 879 784 ‚
906 720 958 767 in
985 725 1080 768 aut
1092 717 1296 765 traditio
1313 713 1462 762 alten·
1481 726 1619 757 nexu
1638 714 1734 758 aut
1750 710 1807 755 in
1820 704 1944 767 jure
1962 702 2137 750 cessio.
2157 698 2250 747 Sed
2275 698 2408 746 idem
2423 736 2438 763 ‚
2479 712 2543 746 ne
2559 698 2684 745 alio-

658 832 769 864 rum
792 814 874 862 hic
895 812 1032 859 locos
1050 821 1288 873 ponamus
1303 841 1318 867 ,
1336 814 1366 850 a
1389 798 1752 863 mancipatione
1769 793 1946 858 saepius
1967 786 2225 853 distinguit
2239 826 2254 853 ‚
2289 793 2348 837 ut
2366 788 2605 852 Hau-usp.
2629 786 2691 853 7,

657 906 709 954 in
734 905 906 953 multoe
924 906 1049 950 sunt
1066 900 1246 947 domun
1269 894 1395 957 jure
1434 883 1580 953 ποι-ι’,
1603 888 1727 952 jure
1763 883 2045 946 mancipii,
2089 881 2225 929 etad
2254 879 2384 929 Dio.
2407 878 2440 927 7
2455 912 2475 942 ,
2501 878 2566 927 50
2581 913 2601 943 ‚
2630 878 2686 927 in

643 996 772 1058 jure
790 992 911 1040 nexi
925 988 1102 1050 etjam
1120 982 1389 1045 mancipii.
1412 977 1658 1025 Caeterum
1692 974 1821 1038 ipsos
1852 975 2071 1031 veteres,
2094 981 2275 1016 nexum
2296 964 2419 1028 quid
2443 980 2560 1013 vere
2584 964 2648 1012 sit
2671 999 2689 1031 ⁷

658 1083 910 1132 dubitasse
930 1076 1096 1140 arguit
1118 1074 1359 1121 obscurus
1381 1066 1617 1118 Varronis
1638 1101 1653 1129 ‚
1671 1066 1731 1113 de
1747 1062 1805 1110 L.
1830 1061 1946 1109 1..1.
1970 1059 2022 1109 6.
2041 1074 2093 1123 p.
2113 1057 2197 1106 82.
2214 1093 2230 1119 ‚
2251 1056 2392 1104 locus
2405 1091 2421 1119 ‚
2439 1054 2613 1117 dequo
2633 1069 2684 1102 v.

653 1173 800 1222 llein.
824 1170 856 1218 2
876 1206 892 1232 ‚
936 1168 959 1216 1
986 1201 1002 1230 ‚
1044 1165 1128 1213 20.
1146 1160 1235 1209 Es.
1258 1160 1401 1222 Engo
1441 1154 1486 1225 §.
1509 1155 1593 1205 94.
1611 1192 1626 1219 ‚
1652 1153 1740 1217 qui
1762 1152 2080 1214 mancupium
2107 1148 2205 1196 XII
2247 1138 2532 1195 tabularum
2575 1134 2696 1210 post

651 1279 789 1314 nexu
806 1258 1165 1310 alienationem
1179 1288 1195 1315 ‚
1238 1254 1289 1299 et
1310 1244 1362 1296 in
1379 1248 1494 1312 jure
1532 1242 1872 1293 consultorum
1899 1252 2125 1288 sermone
2158 1238 2592 1300 nwnct'patn'o'nem
2636 1237 2688 1282 et

650 1350 1107 1414 emancipationem
1126 1339 1323 1402 vocari,
1341 1335 1633 1400 simpliciter
1650 1331 1896 1381 adfirmat.
1917 1356 1979 1367 -—-
2003 1327 2055 1392 2)
2092 1326 2169 1374 Cf.
2208 1327 2321 1390 Ulp.
2351 1326 2563 1389 Fraqm.
2592 1323 2685 1385 19,

651 1446 705 1495 ὅ.
726 1471 787 1481 -
806 1441 858 1507 ὅ)
895 1437 971 1486 Cf.
990 1437 1112 1484 Hor.
1131 1432 1243 1485 Sat.
1266 1428 1299 1478 2
1317 1464 1333 1491 ,
1361 1427 1393 1477 5
1412 1463 1428 1489 ‚
1452 1424 1565 1474 109.
1590 1451 1651 1459 -
1675 1421 1727 1487 4)
1753 1421 1869 1485 mp.
1895 1418 2159 1481 Fraqmm.
2181 1415 2244 1466 19
2261 1450 2279 1480 ,
2299 1415 2332 1464 6
2349 1449 2368 1479 ,
2386 1431 2465 1463 res
2483 1413 2688 1463 mobiles
2748 1468 2760 1481 ·

650 1534 866 1587 nonniu'
873 1531 1147 1594 praesentes
1169 1518 1462 1581 macipan’
1482 1518 1729 1579 possunt,
1766 1517 1814 1559 ot
1850 1524 1957 1557 non
1986 1507 2163 1572 plures
2184 1542 2200 1569 ‚
2229 1521 2384 1569 quam
2407 1511 2530 1567 quot
2561 1505 2692 1568 capi

647 1627 868 1693 possunt
883 1656 899 1684 ‚
914 1612 1189 1667 immobileo
1206 1615 1377 1658 autem
1394 1606 1546 1653 etiam
1566 1602 1745 1667 plures
1755 1598 1915 1648 simul
1925 1632 1943 1662 ,
1967 1604 2018 1645 et
2033 1611 2148 1661 quoe
2171 1595 2383 1643 diversis
2404 1594 2526 1642 locis
2543 1599 2692 1656 cunt,

652 1707 946 1772 mancipari
950 1705 1204 1768 pomam,-
1226 1692 1505 1743 sufficiente
1529 1726 1546 1753 ‚
1572 1678 1902 1756 inquitlllugo
1924 1719 1940 1747 ‚
1980 1679 2025 1750 §.
2047 1679 2114 1732 94
2136 1718 2153 1747 ,
2193 1680 2317 1730 situs
2335 1679 2687 1745 descriptione.

743 1831 851 1893 98.
900 1822 995 1887 De
1023 1812 1374 1882 discrimine
1396 1828 1577 1895 porro
1602 1801 1874 1887 mancipi
1900 1810 1962 1865 et
1982 1820 2101 1863 nec
2125 1798 2401 1884 mancipi
2423 1819 2638 1861 rerum
2665 1845 2685 1880 ‚

653 1942 836 2011 hodie
863 1987 881 2023 ,
911 1934 1021 2024 qui
1049 1927 1352 1996 doctiores
1373 1922 1532 2005 visi,
1567 1918 1797 2005 priores
1826 1937 1898 1980 eo
1940 1934 2169 1978 errasse
2200 1915 2445 1996 volunt,
2474 1909 2637 2000 quod
2661 1959 2681 1994 ,

600 2058 607 2065 ⁸
651 2069 760 2126 aut
807 2055 974 2120 solas·
1016 2068 1112 2112 res
1167 2037 1437 2124 mancipi
1492 2053 1663 2122 posse
1718 2030 1787 2095 in
1833 2027 2107 2093 dominio
2154 2026 2507 2114 quiritari0‚
2574 2032 2685 2090 aut

650 2175 806 2241 solas
828 2190 922 2233 res
939 2185 1055 2230 nec
1076 2144 1351 2239 mancipi
1371 2171 1540 2239 posse
1570 2147 1717 2213 etin
1737 2145 1877 2228 hoc,
1901 2154 1961 2207 et
1982 2142 2051 2206 in
2070 2141 2249 2206 bonis
2268 2150 2508 2205 tantum
2532 2161 2686 2222 esse,

659 2281 1034 2356 crediderint
1057 2279 1145 2364 1).
1187 2269 1312 2357 Ipsi
1340 2277 1547 2333 autem
1570 2312 1588 2349 ,
1639 2260 1788 2347 Cajo
1834 2258 2099 2323 maxime
2139 2255 2206 2346 2)
2240 2267 2302 2321 et
2322 2256 2582 2344 Ulpiano
2616 2254 2685 2338 3)

649 2399 1007 2473 auctoribus
1029 2442 1046 2478 ,
1071 2391 1157 2457 sic
1188 2394 1505 2453 statuunt:
1537 2381 1606 2445 in
1648 2378 1831 2444 rebus
1852 2374 2125 2461 mancipi
2153 2423 2171 2458 ,
2201 2383 2274 2439 ut
2306 2373 2375 2438 in
2410 2371 2684 2439 dominio

652 2512 971 2607 quiritatio
1005 2503 1264 2572 ementis
1305 2499 1427 2563 sint
1448 2546 1468 2578 ‚
1508 2517 1639 2559 non
1689 2491 1968 2556 sufficere
1994 2538 2012 2573 ,
2054 2509 2194 2575 quae
2240 2488 2309 2551 in
2345 2488 2529 2553 rebus
2570 2508 2688 2550 nec

651 2628 927 2714 mancipi
954 2621 1031 2689 ad
1053 2640 1191 2683 eam
1227 2635 1359 2678 rem
1384 2608 1667 2674 sufficiat
1689 2654 1707 2688 ‚
1734 2603 2126 2669 traditionem
2149 2625 2166 2685 3
2208 2611 2454 2665 caeteras
2476 2612 2688 2665 autem

651 2736 1015 2832 acquirendi
1034 2729 1262 2818 species
1284 2724 1369 2815 (§
1392 2724 1499 2787 99.
1524 2719 1549 2807 )
1574 2764 1591 2797 ,
1616 2719 1740 2782 sive
1788 2701 2101 2781 Romanas
2152 2714 2276 2778 sive
2327 2717 2636 2778 naturales
2668 2764 2686 2800 ‚

651 2858 930 2942 utrisque
949 2847 1134 2915 rebus
1152 2857 1515 2907 communes
1530 2855 1677 2897 esse.
1699 2833 1935 2915 Nempe
1952 2827 2072 2893 hoc
2091 2829 2304 2892 volunt
2328 2851 2343 2893 :
2372 2850 2570 2915 quum
2593 2850 2688 2895 res

650 2973 787 3039 aliis
810 2964 1008 3032 modis
1038 2967 1204 3025 emta
1235 2955 1302 3018 in
1344 2947 1620 3015 dominio
1647 2943 1966 3034 quiritatio
1997 2943 2105 3025 sit,
2133 2941 2269 3007 aliis
2295 2941 2494 3007 modis
2523 2956 2690 3010 emta

653 3089 723 3153 in
745 3081 957 3162 bunia,
985 3086 1274 3157 utrosque
1302 3062 1514 3130 modos
1533 3109 1551 3145 ‚
1585 3069 1831 3145 excepta
1858 3057 1963 3122 illa
1992 3054 2312 3121 traditione
2332 3105 2350 3140 ,
2390 3057 2458 3122 in
2503 3059 2690 3124 rebus

654 3223 775 3268 nec
804 3189 1075 3276 mancipi
1097 3181 1360 3250 eandem
1392 3177 1541 3259 vim,
1570 3195 1759 3261 quam
1793 3173 1863 3236 in
1892 3172 2078 3236 rebus
2100 3170 2394 3257 mancipi,
2418 3169 2648 3238 habere
2674 3199 2691 3259 ;

653 3318 743 3382 ita
794 3324 1000 3377 tamen
1022 3353 1047 3382 ,
1079 3313 1151 3367 ut
1192 3321 1288 3364 res
1332 3315 1450 3359 nec
1489 3289 1764 3375 mancipi
1803 3288 2257 3374 mancipatione
2297 3308 2425 3350 non
2467 3288 2689 3373 acqui-

656 3441 872 3497 rantur
898 3423 964 3511 4)
995 3469 1012 3505 ,
1042 3414 1206 3506 quod
1228 3420 1361 3500 post
1386 3407 1507 3473 XII
1527 3403 1719 3469 Tabb.
1741 3401 1997 3467 demum
2024 3401 2322 3487 placuisse
2340 3449 2358 3484 ,
2387 3399 2694 3465 existimat

655 3547 841 3630 Hugo
876 3533 965 3624 5).
996 3534 1053 3598 A
1074 3525 1466 3610 mancipante
1497 3515 1863 3582 evictionem
1892 3512 2349 3604 (auctoritatem
2369 3509 2394 3589 )
2415 3512 2689 3595 praestari

661 3660 757 3723 lex
779 3650 1043 3740 jubebat
1065 3641 1156 3732 6).

748 3770 877 3832 Res
910 3756 1193 3854 mancipi
1227 3764 1435 3819 autem
1457 3797 1475 3834 ,
1538 3758 1789 3813 auctore
1823 3743 2085 3829 Ulpiano
2140 3739 2208 3826 7)
2240 3783 2257 3820 ,
2300 3737 2690 3807 habebantur

665 3880 894 3972 praedia
914 3878 979 3941 in
999 3873 1213 3940 Italico
1232 3869 1382 3952 solo,
1406 3876 1468 3931 et
1490 3874 1657 3929 extra
1681 3859 1922 3925 Italiam
1946 3857 2013 3920 in
2037 3855 2204 3938 lociS,
2221 3853 2450 3940 quibus
2471 3853 2689 3922 datum

661 4000 766 4085 jus
786 3992 1072 4057 Italicum
1097 3981 1591 4077 (commercium.
1614 3983 1656 4067 §
1692 3973 1906 4060 123.)3
1931 3971 2077 4055 jura
2107 3967 2477 4057 praediorum
2499 3971 2527 4062 (
2547 3995 2689 4036 ser..

668 4116 885 4180 vitutes
903 4154 922 4190 ‚
978 4100 1037 4184 §.
1092 4104 1197 4167 93.
1229 4096 1296 4186 );
1349 4095 1545 4177 servi3
1589 4085 2020 4179 quadrupedes
2041 4134 2059 4167 ‚
2108 4107 2248 4172 quae
2296 4085 2462 4171 apud
2505 4089 2688 4155 Italos
