3111 4829
1544 359 1795 444 (406)

744 496 894 568 407.
941 493 1063 559 Sed
1090 492 1284 575 illud,
1314 515 1353 559 a
1389 502 1594 557 nostro
1618 515 1790 557 more
1818 490 2128 558 diversum
2154 539 2174 577 ,
2202 493 2480 582 utrisque
2507 514 2680 558 com-

655 629 890 689 mune3
938 606 1105 693 quod
1148 627 1351 692 neque
1391 607 1708 671 facultates
1731 653 1749 689 ,
1779 628 1932 694 quas
1964 628 2251 673 vocamus
2272 655 2292 692 ,
2339 620 2679 692 noverant,

658 741 865 806 neque
902 718 982 783 ad
1024 718 1271 804 publica
1311 741 1572 785 munera
1612 720 1994 807 impetranda
2037 722 2252 788 litteris
2292 720 2682 808 disciplinis-

655 856 779 920 que
837 832 1200 916 studebant,
1250 855 1453 920 neque
1498 835 1753 900 omnino
1793 834 1872 900 ad
1928 836 2114 901 vitam
2174 836 2678 920 sustentandam3

654 951 776 1016 nisi
816 946 981 1034 quod
1006 969 1333 1013 numerosa
1368 950 1906 1035 grammaticorum
1945 949 2122 1015 turba
2152 999 2171 1035 ‚
2198 971 2533 1036 puerorum
2559 950 2681 1014 in-

652 1063 956 1129 stitutioni
995 1063 1063 1126 in
1099 1061 1360 1127 divitum
1386 1060 1671 1128 domibus
1699 1075 1977 1129 vacantes
1998 1112 2015 1147 ,
2042 1076 2151 1130 aut
2172 1064 2423 1150 publice
2444 1063 2680 1130 litteras

652 1174 939 1240 docentes
962 1222 979 1257 ,
1030 1173 1140 1259 qui
1180 1174 1366 1260 vulgo
1402 1174 1692 1259 litterati,
1734 1177 2097 1241 litteratores
2144 1174 2252 1263 1),
2296 1174 2413 1241 snb
2463 1175 2682 1240 Caesa-

646 1288 818 1352 ribus
866 1289 1226 1373 professores
1266 1309 1517 1376 quoque
1572 1287 1877 1375 adpellati.
1932 1290 2010 1353 Hi
2065 1288 2258 1375 igitur
2307 1311 2436 1354 non
2488 1288 2676 1352 modo

647 1402 880 1487 linguae
916 1402 1235 1488 utriusque
1279 1403 1585 1468 elementa
1607 1451 1625 1486 ‚
1671 1414 1734 1468 ct
1777 1402 2237 1468 declamationis
2282 1413 2479 1467 artem
2504 1450 2522 1486 ,
2564 1401 2677 1467 sed

643 1517 1007 1603 eloquentiae
1029 1517 1213 1580 etiam
1237 1526 1300 1580 et
1328 1516 1522 1601 poesis
1545 1525 1845 1601 praecepta
1861 1564 1878 1599 ,
1896 1514 2225 1582 accedente
2245 1514 2672 1601 praestantium

645 1639 970 1706 auctorum
999 1629 1499 1714 interpretatione
1519 1676 1538 1712 ‚
1568 1651 1642 1693 ac
1691 1651 1936 1714 prorsus
1977 1649 2049 1693 ea
2084 1626 2448 1710 tradebant,
2492 1648 2633 1714 quae
2661 1677 2682 1710 ,

646 1742 998 1806 liberalium
1060 1741 1185 1805 sive
1227 1741 1534 1806 bonarum
1581 1743 1808 1806 artium
1855 1752 1918 1806 et
1973 1741 2373 1807 humanitatis
2422 1742 2682 1807 nomine

519 1891 527 1898 «
648 1852 1089 1940 comprehensa
1116 1853 1424 1937 ,liberalis
1458 1854 1857 1941 ingenuoque
1886 1854 2090 1940 dignae
2115 1855 2512 1919 institutionis
2532 1877 2686 1920 cen-

643 1967 955 2032 sebantur.
1001 1967 1215 2054 Neque
1259 1989 1404 2031 vero
1447 1967 1626 2052 pueri
1664 1978 1906 2032 tantum
1946 1976 2053 2031 aut
2092 1966 2527 2033 adolescentuli
2573 1967 2678 2031 his

643 2103 896 2168 operam
935 2079 1201 2165 dabant,
1250 2081 1357 2147 sed
1393 2081 1508 2145 viri
1535 2067 1785 2168 quoque
1826 2079 2289 2167 prudentissimi
2327 2103 2452 2146 non
2483 2080 2683 2145 dedi-

644 2195 1017 2284 gnabantur.
1065 2194 1272 2277 Quare
1300 2206 1363 2261 et
1400 2217 1627 2282 magno
1673 2194 1741 2258 in
1781 2192 2020 2260 honore
2057 2193 2341 2281 plerique
2369 2204 2547 2259 erant
2577 2195 2680 2258 lit-

639 2319 911 2375 terarum
931 2309 1025 2374 illi
1044 2320 1106 2373 et
1126 2308 1488 2397 eloquentiae
1509 2307 1787 2394 magistri
1803 2356 1821 2391 ‚
1843 2330 1880 2372 e
1902 2307 2130 2395 quibus
2154 2308 2430 2393 primum
2447 2310 2678 2373 Romae

643 2423 920 2491 docuisse
969 2426 1209 2509 tatur,
1270 2424 1489 2488 missus
1532 2422 1613 2488 ab
1655 2423 1859 2488 Attalo
1905 2426 2081 2509 Rege
2123 2424 2401 2511 legatus,
2460 2423 2677 2488 Crates

646 2540 918 2605 Mallotes
948 2536 1041 2625 2).
1074 2540 1213 2603 Post
1239 2538 1406 2602 i‘nter
1433 2537 1707 2604 celebres
1740 2538 1861 2602 fuit
1888 2538 2138 2603 Plotius.
2177 2538 2312 2603 Sub
2342 2538 2685 2605 Caesaribus

647 2675 843 2739 usque
869 2662 1178 2717 crescente
1209 2651 1753 2736 grammaticorum
1788 2673 2049 2716 numero
2066 2699 2084 2734 ,
2115 2651 2300 2715 multi
2326 2662 2426 2734 ut,
2453 2650 2684 2715 urbem

650 2766 999 2852 relinquere
1045 2764 1241 2829 coacti
1264 2812 1282 2847 ‚
1325 2786 1435 2850 per
1479 2764 1718 2829 Italiam
1750 2765 2124 2850 superiorem
2163 2763 2632 2851 digrederentur
2661 2813 2681 2847 ‚

649 2879 835 2943 simul
885 2878 1306 2964 multiplicatae
1356 2889 1500 2943 sunt
1550 2876 1773 2943 seholae
1822 2878 2086 2965 publicae
2107 2923 2126 2962 ,
2177 2878 2357 2962 ludi,
2401 2876 2686 2964 pergulae

648 2993 1025 3081 magistrales
1058 2991 1169 3082 3),
1198 2993 1547 3080 sensimque
1593 3002 1817 3057 cuncta
1846 2991 2204 3056 Graecorum
2243 2990 2538 3056 litteraria
2573 2990 2688 3055 in—

651 3109 860 3174 stituta
890 3130 1159 3195 ususque
1178 3157 1195 3191 ,
1228 3107 1416 3173 veluti
1446 3106 1811 3194 eloquentiae
1839 3117 1901 3170 et
1930 3107 2124 3192 poesis
2151 3105 2489 3171 certamina
2515 3153 2532 3189 ,
2564 3128 2634 3170 re
2652 3145 2685 3155 -

649 3220 969 3286 citationes
1020 3221 1282 3306 publicae
1328 3217 1429 3308 4),
1477 3220 1799 3285 doctorum
1847 3220 2183 3307 colloquia,
2229 3232 2291 3286 et
2332 3242 2471 3308 quae
2532 3233 2688 3285 sunt

651 3334 995 3419 ejusmodi,
1039 3334 1206 3421 apud
1244 3336 1558 3400 Romanos
1603 3333 1681 3400 ad
1726 3356 1941 3398 eorum
1981 3335 2291 3420 exemplar
2327 3333 2708 3399 introducta

649 3447 1063 3533 reperiuntur.
1099 3448 1175 3511 In
1209 3444 1428 3511 scholis
1455 3457 1667 3512 autem
1699 3445 1962 3532 publicis
1999 3446 2229 3511 seriore
2258 3457 2532 3532 tempore
2559 3467 2687 3510 ce—

647 3556 957 3626 lebratum
1001 3562 1081 3627 ab
1124 3561 1397 3627 Adriano
1446 3559 1770 3627 conditum
1820 3558 2189 3626 Athenaeum
2246 3558 2498 3650 (schola
2541 3560 2685 3624 Ro-

650 3672 905 3763 mana.)
937 3676 1151 3741 Simile
1201 3676 1269 3741 in
1319 3675 1619 3763 Capitolio
1665 3687 2080 3762 memoratur;
2114 3686 2177 3741 et
2221 3674 2449 3760 templa
2491 3674 2686 3761 vulgo

648 3786 870 3854 scholis
905 3791 1289 3879 frequentata
1313 3786 1405 3877 5).

719 3965 770 4031 1)
795 3966 871 4015 cr.
896 3968 1031 4017 suet.
1053 3970 1115 4019 α,
1132 3971 1211 4019 cu.
1237 3970 1467 4021 cranam.
1491 3970 1543 4020 ⁴.
1563 3998 1622 4009 -
1639 3971 1691 4036 a)
1728 3972 1863 4022 Suet.
1893 3972 1956 4020 a·
1986 3971 2063 4019 ειι.
2103 3952 2334 4018 cram.
2365 3964 2397 4014 ⁴
2410 4001 2427 4029 ,
2464 3964 2688 4015 primm

651 4059 843 4123 igitur,
863 4066 1114 4122 quantun·
1131 4065 1410 4127 opinamur
1425 4098 1443 4131 ‚
1462 4054 1694 4115 studium
1715 4062 2058 4127 qrammaer‘coe
2074 4061 2134 4108 in
2162 4057 2335 4108 urbem
2355 4054 2536 4106 intulit
2552 4056 2689 4108 Cra·
