3111 4829
1597 416 1807 496 (58)

703 553 909 620 invitis
967 553 1168 639 potius
1226 549 1372 627 dare
1430 551 1741 623 civitatem
1775 598 1793 633 ‚
1855 570 2042 635 quam
2093 550 2443 637 petentibus
2491 571 2730 638 negare

697 666 1011 737 suadebat.
1041 668 1203 733 Hinc
1232 667 1347 739 sub
1377 665 1655 751 Regibus
1673 711 1698 741 ,
1732 686 1938 751 neque
1966 665 2175 730 minus
2203 666 2402 752 primo
2429 664 2733 735 libertatis

694 783 918 859 saeculo
944 830 971 861 ,
1058 806 1094 849 e
1149 783 1366 851 vicinis
1424 781 1666 868 populis
1718 779 1880 847 hello
1940 778 2150 851 divicti
2228 782 2501 855 Romam
2522 830 2541 866 ‚
2598 781 2731 848 sive

694 899 927 986 integri
960 899 1084 969 sive
1124 920 1297 983 pars,
1337 896 1610 968 translati
1649 895 1879 966 civium
1923 916 2258 966 numerum
2298 907 2602 965 auxerunt
2628 892 2725 983 3).

695 1013 997 1088 Paulatim
1026 1034 1200 1094 vero,
1217 1021 1528 1083 crescente
1551 1010 1765 1094 jamin
1788 1009 2426 1095 majusltnmanorum
2453 1010 2732 1096 potentia

697 1138 759 1190 et
803 1125 1057 1190 nomine
1076 1174 1094 1209 ,
1149 1134 1324 1189 extra
1366 1145 1589 1210 agrum
1640 1145 1888 1210 quoque
1938 1125 2295 1189 Romanum
2319 1172 2337 1208 ,
2400 1123 2470 1187 in
2525 1121 2728 1187 tribus

696 1237 961 1303 divisum
1007 1233 1372 1329 (5142),
1409 1237 1620 1302 multis
1669 1236 1966 1320 urbibus,
2012 1247 2120 1304 aut
2165 1237 2449 1302 amicitiae
2483 1236 2676 1323 gratia
2705 1284 2727 1319 ,

691 1362 805 1416 aut
843 1351 923 1415 ob
954 1351 1173 1416 merita
1203 1350 1271 1414 in
1309 1349 1759 1436 rempublicam
1794 1351 2175 1434 Romanam,
2206 1349 2313 1414 sed
2339 1349 2473 1414 aliis
2510 1349 2728 1451 emnia

695 1476 805 1533 aut
842 1465 1154 1553 praecipua
1187 1466 1447 1545 civitatis
1467 1464 1613 1550 jura
1641 1515 1659 1550 ,
1692 1465 1827 1543 aliis
1855 1464 2149 1531 inferiora
2200 1475 2441 1537 tantum
2461 1510 2486 1540 ,
2516 1461 2727 1550 quin-

690 1580 878 1649 etiam
915 1578 1245 1668 aliquando
1276 1581 1520 1667 singula
1540 1630 1559 1665 ,
1601 1581 1769 1646 velut
1812 1582 2141 1666 Campanis
2177 1579 2565 1655 connubium
2596 1580 2635 1641 4
2657 1575 2723 1665 ),

691 1691 917 1758 donata
955 1706 1134 1779 suut3
1166 1693 1335 1758 unde
1367 1695 1552 1777 varii,
1586 1695 1635 1757 si
1674 1716 1800 1758 non
1829 1694 2085 1759 civitatis
2108 1743 2126 1779 ,
2163 1705 2329 1759 certe
2362 1694 2521 1778 juris
2546 1690 2727 1779 quasi

691 1807 918 1893 gradus
963 1808 1180 1898 (plena
1207 1856 1225 1891 ,
1278 1807 1517 1895 optima,
1535 1856 1552 1890 ,
1604 1806 1834 1899 optimo
1887 1806 2027 1891 jure
2051 1855 2069 1890 ,
2126 1806 2360 1894 optima
2416 1806 2554 1899 lege
2610 1803 2726 1867 ci-

685 1921 840 1999 vitas
861 1968 878 2003 ,
906 1930 1023 1985 etc.
1046 1918 1103 2008 ),
1141 1931 1203 1987 et
1224 1919 1709 2006 municipiorum
1756 1919 2086 1999 discrimen
2112 1920 2138 2010 (
2152 1919 2214 2003 §.
2248 1914 2450 2005 115.)
2497 1917 2721 2003 Neque

688 2034 902 2101 minus
939 2056 1012 2100 ex
1053 2046 1256 2101 vetere
1290 2036 1571 2101 instituto
1613 2036 1843 2122 singuli
1885 2046 2021 2100 tum
2069 2057 2352 2123 quoque,
2400 2033 2524 2098 sive
2551 2031 2722 2098 bene

689 2148 895 2213 meriti
914 2198 933 2232 ,
985 2149 1110 2215 sive
1151 2150 1430 2217 utilitatis
1473 2151 1707 2221 ratione
1751 2151 1987 2217 civibus
2027 2126 2362 2232 Romanis,
2403 2144 2723 2212 interdum

602 2245 615 2256 ⁹
690 2263 821 2328 suis
862 2263 931 2329 in
971 2264 1318 2345 civitatibus
1356 2256 1714 2349 manentes,
1754 2262 2037 2350 adscripti
2068 2259 2159 2351 5).

757 2424 811 2487 1)
846 2425 916 2472 De
938 2425 1130 2473 civibus
1146 2427 1284 2473 urbis
1300 2428 1546 2474 nascentis
1566 2428 1816 2489 vulgar-em
1837 2428 2016 2475 samam
2035 2426 2259 2491 sequitur
2275 2425 2440 2476 Livius
2463 2425 2484 2475 1
2505 2462 2521 2490 ‚
2545 2422 2578 2473 8
2599 2441 2610 2471 :
2636 2424 2724 2474 Ne

688 2528 826 2559 vana
849 2512 991 2560 urbis
1012 2514 1312 2575 maqm‘tudo
1340 2521 1464 2563 essct
1477 2548 1496 2577 ,
1528 2516 1828 2577 adjicicndoe
1848 2516 2194 2563 multitudinis
2221 2531 2379 2563 causa
2397 2549 2414 2578 ‚
2433 2542 2492 2550 —
2517 2514 2724 2574 asylum

688 2602 873 2664 aperie.
913 2600 1002 2650 Eo
1031 2617 1092 2649 οι·
1121 2603 1359 2664 finitimis
1386 2602 1600 2676 populis
1632 2602 1783 2656 turba
1804 2605 1970 2652 omnis
1999 2604 2109 2651 eine
2135 2604 2457 2666 daber-imino,
2495 2602 2619 2650 liber
2647 2618 2724 2652 an

686 2704 865 2736 servus
885 2697 1010 2737 esset
1022 2722 1041 2752 ‚
1074 2690 1228 2739 avida
1249 2705 1498 2738 novar-nun
1524 2705 1695 2739 rerum
1710 2691 1958 2753 porsuqit.
1994 2690 2182 2739 Certior
2205 2690 2335 2739 sama
2371 2690 2432 2739 de
2453 2690 2643 2738 Sabinis
2666 2692 2724 2740 in

691 2781 869 2830 urbem
892 2780 1121 2845 receptis.
1141 2807 1203 2817 -·
1221 2779 1274 2848 2)
1287 2779 1365 2829 Cf.
1382 2779 1582 2845 Dionys.
1602 2779 1635 2827 2
1649 2814 1665 2843 ,
1690 2778 1771 2841 15,
1788 2778 1895 2844 ξίν,
1922 2779 1971 2843 1,
1994 2778 2047 2828 8.
2066 2806 2126 2816 -
2148 2779 2202 2844 3)
2221 2779 2298 2827 Cl'.
2321 2778 2428 2844 Liy.
2453 2779 2476 2829 1
2496 2815 2511 2842 ,
2530 2777 2614 2827 29.
2632 2779 2724 2842 33,

688 2871 755 2936 6,
780 2868 812 2919 4
832 2906 847 2934 ‚
870 2869 936 2918 26
954 2905 970 2934 ,
994 2867 1087 2933 24,
1104 2868 1224 2917 Tac.
1250 2869 1392 2917 Anu.
1419 2866 1513 2933 11,
1532 2866 1616 2916 24.
1637 2896 1699 2905 —-
1715 2867 1767 2933 4)
1790 2867 1866 2932 Cf.
1886 2866 2058 2936 Oreus.
2080 2883 2192 2934 pag.
2217 2867 2333 2917 244.
2351 2896 2412 2905 -
2435 2868 2488 2934 5)
2509 2868 2727 2936 Insigni·

687 2958 776 3008 hic
793 2959 935 3008 locus
954 2958 1113 3008 Taciti
1136 2960 1278 3010 Anu.
1303 2957 1359 3008 11
1383 2993 1400 3023 ‚
1426 2957 1491 3028 24
1504 2972 1520 3024 3
1544 2958 1631 3007 sed
1654 2958 1783 3006 idem
1802 2975 1902 3008 non
1924 2974 2023 3008 una
2039 2960 2328 3026 difficultate
2344 2959 2603 3009 obscurus.

783 3102 889 3165 66.
939 3099 1114 3181 Haec,
1146 3108 1208 3161 et
1236 3117 1375 3183 quae
1406 3095 1483 3180 de
1514 3094 1906 3178 manumissis
1938 3094 2117 3179 nobis
2146 3095 2304 3162 dicta
2323 3146 2341 3181 ,
2371 3098 2720 3186 intuentes,

692 3214 854 3280 cives
873 3213 1187 3312 Romanus
1214 3210 1566 3297 invenimus
1596 3210 1744 3275 alios
1775 3220 1979 3294 natos,
2010 3231 2235 3299 eosque
2257 3211 2351 3278 vel
2379 3212 2726 3300 connuhio,

694 3338 962 3416 utroque
1014 3336 1270 3416 parente
1289 3371 1309 3410 ,
1357 3326 1457 3419 vel
1506 3336 1674 3412 extra
1716 3324 2102 3408 cqnnubium
2125 3375 2145 3412 ,
2187 3336 2382 3406 matre
2426 3326 2559 3391 cive
2606 3323 2725 3415 1),

694 3442 846 3510 alios
892 3438 1297 3522 manumissos
1345 3439 1470 3505 sive
1524 3439 1844 3526 libertinus
1875 3488 1893 3523 ‚
1943 3439 2092 3505 alios
2147 3450 2436 3525 receptos.
2494 3438 2570 3501 In
2620 3436 2724 3505 his

697 3552 1122 3643 distinguendi
1139 3552 1320 3640 jussu
1341 3553 1587 3640 populi,
1619 3564 1726 3619 aut
1747 3553 2107 3642 magistratu
2126 3576 2198 3619 ex
2227 3552 2437 3640 populi
2459 3551 2725 3619 decretis

698 3681 1002 3737 statuente
1031 3670 1193 3735 cives
1216 3668 1360 3748 facti
1393 3665 1848 3757 2).kPosteriore
1867 3680 2042 3754 aetate
2058 3717 2076 3753 ,
2097 3668 2257 3733 bello
2283 3666 2487 3732 sociali
2514 3665 2725 3756 (circa

698 3804 755 3846 a.
793 3780 991 3871 663.)
1019 3783 1101 3848 cb
1129 3805 1264 3848 eam
1308 3805 1439 3850 rem
1477 3806 1513 3848 a
1558 3784 1731 3856 sociis
1778 3784 2203 3868 Romanorum
2244 3783 2436 3848 ltaliae
2478 3788 2723 3874 populis

704 3905 911 3992 gesto,
952 3898 1196 3986 legibus
1244 3899 1407 3974 Julia
1455 3910 1515 3966 ct
1555 3900 1749 3970 Plotia
1788 3899 2061 3984 primum
2106 3897 2304 3963 Latini
2353 3898 2447 3988 (§.
2499 3899 2722 3987 119.)‚

622 4063 637 4084 ,
703 4029 841 4078 mox
875 4006 966 4095 (a.
1002 4008 1200 4096 670.)
1230 4013 1434 4082 caeteri
1463 4036 1704 4097 ornnes,
1736 4024 1933 4098 certe,
1965 4014 2074 4100 qui
2104 4013 2302 4095 oblata
2336 4014 2451 4079 sub
2490 4013 2724 4079 condi-

690 4120 868 4184 -tione
917 4116 993 4205 3)
1044 4121 1267 4188 vellent
1304 4123 1425 4211 (cs.
1470 4123 1529 4204 §.
1582 4124 1769 4210 116.)
1797 4174 1812 4208 ,
1869 4129 2167 4212 postremo
2223 4127 2419 4193 Gallia
2471 4150 2722 4213 quoqne
