3111 4829
1361 430 1388 513 ‹
1428 430 1506 491 ⁹³
1546 431 1575 513 )

445 553 661 608 rantur
698 540 1123 631 antiquissima
1164 558 1391 625 genera
1412 587 1431 622 ‚
1472 540 1739 605 alterum
1781 536 1988 603 calatis
2038 535 2340 619 comitiis,
2390 533 2471 596 ob

444 679 583 722 eam
633 678 767 721 rem
814 655 925 719 bis,
952 677 1061 741 per
1102 675 1339 718 annum
1380 650 1605 718 habitis
1652 651 1762 743 4),
1805 654 2030 739 populo
2071 662 2320 739 rogato,
2356 649 2470 713 in—

443 779 684 843 certum
704 817 724 852 ,
757 790 880 855 quo
922 778 1212 854 praeterea
1244 768 1405 853 ritu,
1434 767 1700 851 sactum3
1738 767 2004 832 alterum
2032 767 2180 832 civis
2213 766 2281 829 in
2311 786 2472 850 pras-

444 881 600 947 lium
627 883 850 948 exituri
878 880 983 971 ὅ),
1010 881 1274 970 ideoque
1295 885 1372 947 in
1394 885 1745 969 procinctu
1764 880 2139 967 adpellatum
2160 927 2179 963 ,
2207 875 2437 944 herede
2454 924 2473 960 ‚

442 995 836 1062 audientibus
876 998 1109 1084 aliquot
1144 997 1382 1060 civibus
1404 1045 1422 1079 ,
1468 1005 1848 1082 nuncupato.
1901 995 2013 1060 His
2053 975 2302 1059 accessit
2342 1001 2473 1055 ter-

442 1109 601 1173 tium
626 1157 644 1193 ,
686 1107 854 1196 quod
903 1132 939 1174 a
984 1110 1441 1196 mancipatione
1471 1132 1596 1198 per
1631 1133 1724 1174 aes
1763 1120 1827 1173 et
1870 1108 2116 1173 libram
2151 1106 2470 1187 dixerunt,

443 1221 632 1310 idque
671 1224 822 1288 olim
846 1272 865 1306 ,
902 1234 1054 1305 teste
1096 1223 1246 1310 Cajo
1270 1272 1290 1308 ,
1330 1223 1581 1289 nonnisi
1625 1220 1972 1288 valetudine
2022 1231 2285 1308 urgente
2311 1268 2329 1303 ,
2366 1216 2475 1283 sed

439 1335 608 1401 idem
660 1347 795 1424 post
844 1338 965 1402 XII
1012 1324 1204 1403 Tabb.
1261 1359 1401 1402 mox
1447 1358 1647 1401 unum
1676 1385 1696 1421 ,
1749 1345 1821 1400 ut
1866 1333 2108 1399 videtur
2129 1383 2148 1419 ,
2195 1330 2474 1420 quamvis

442 1460 678 1514 mutato
722 1450 1011 1515 nonnihil
1054 1452 1222 1535 ritu,
1268 1461 1633 1536 usurpatum
1686 1448 1798 1538 6);
1839 1449 1918 1515 de
1963 1472 2092 1538 quo
2139 1448 2325 1534 Cajus
2370 1442 2473 1534 7),

442 1562 590 1626 olim
619 1564 924 1629 familiam
947 1561 1389 1654 (bona)a1nico
1421 1564 1698 1656 (familiae
1725 1562 1948 1651 emtor)
1976 1587 2103 1629 esse
2124 1586 2159 1628 a
2188 1573 2469 1628 testatore

441 1675 752 1762 mancipio
793 1675 1000 1742 datam
1024 1725 1042 1761 ,
1073 1676 1403 1764 eidemque
1438 1677 1836 1761 mandatum,
1878 1675 2043 1766 quid
2068 1680 2300 1767 cuique
2330 1687 2481 1764 post

442 1802 714 1855 mortem
766 1814 979 1856 suam
1009 1790 1171 1857 dari
1218 1793 1411 1857 vellet
1424 1816 1453 1870 ‚0
1511 1791 1687 1857 hunc
1730 1792 1902 1857 enim
1966 1790 2210 1857 heredis
2266 1791 2475 1854 locum

443 1901 825 1990 obtinuisse3
860 1926 1034 1970 nunc
1059 1928 1204 1973 vero
1236 1905 1424 1996 (Caji
1451 1903 1773 1995 tempore)
1803 1906 1996 1970 alium
2032 1903 2330 1970 heredem
2359 1915 2476 1967 tes-

442 2025 711 2081 tamento
737 2017 1014 2101 institui,
1040 2018 1272 2102 alium,
1303 2029 1551 2106 propter
1579 2019 1740 2103 juris
1766 2020 2006 2106 antiqui
2034 2019 2474 2099 imitationem,

443 2127 694 2194 familiae
736 2141 1035 2195 emtorem
1074 2130 1228 2219 dicis
1267 2153 1451 2196 causa
1487 2131 1771 2196 adhiberi
1817 2129 1916 2220 8);
1956 2131 2478 2216 mancipationem

441 2254 649 2308 autem
673 2292 693 2328 ,
731 2256 1023 2310 consueto
1068 2246 1300 2311 scilicet
1346 2268 1561 2330 more,
1602 2266 1813 2311 coram
1862 2246 2141 2331 quinque
2179 2243 2462 2338 testibus,

443 2355 681 2421 civibus
723 2358 1022 2424 Romanis
1051 2358 1431 2443 puberibus,
1461 2368 1523 2424 et
1557 2358 1902 2445 libripende
1947 2357 2080 2423 fieri
2102 2393 2192 2407 -—
2211 2366 2477 2422 antesta-

443 2481 581 2534 tum
639 2492 767 2534 non
831 2473 1523 2566 memorat—Peracta
1559 2471 2027 2559 ‘mancipatione
2080 2481 2423 2536 testatorem
2451 2515 2473 2551 ,

443 2583 682 2650 tabulas
721 2587 1070 2651 testamenti
1111 2598 1424 2652 tenentem
1452 2636 1470 2671 ,
1518 2588 1964 2673 pronuntiare:
2008 2588 2150 2652 lzoeo
2171 2632 2199 2665 ,
2248 2588 2354 2651 uti
2402 2588 2481 2649 in

440 2697 552 2763 Itis
583 2698 831 2763 tabulis
867 2698 1186 2790 (verisne)
1215 2704 1473 2788 scripta
1507 2714 1700 2778 sunt,
1731 2705 1835 2766 ita
1862 2703 1944 2767 do
1959 2747 1985 2778 ,
2017 2704 2120 2766 ita
2153 2700 2292 2790 leqo
2310 2746 2337 2776 ,
2369 2701 2474 2764 ita

442 2824 676 2892 testor,-
714 2816 939 2902 itaque
981 2837 1127 2891 voe,
1160 2814 1460 2903 Quirites
1480 2861 1507 2891 ,
1549 2817 1990 2912 testimonium
2032 2814 2206 2879 milti
2238 2814 2476 2900 perhi-

439 2926 637 2991 betote
699 2926 726 3018 (
741 2926 1084 3014 proebitoto
1105 2926 1154 3017 ).
1205 2929 1309 2994 Sic
1365 2927 1608 2993 duabus
1651 2928 1924 3014 partibus
1981 2928 2177 3011 ritus,
2226 2926 2478 2991 familias

442 3040 747 3125 emtione,
787 3051 861 3121 et,
884 3042 1378 3129 nuncupatione,
1420 3043 1544 3108 sive
1592 3042 1833 3107 solenni
1872 3039 2337 3107 confirmatione
2363 3038 2474 3127 9),

434 3146 684 3221 constat.
734 3154 904 3221 Inter
942 3168 1161 3240 testes,
1214 3179 1482 3245 quorum
1522 3180 1785 3223 numero
1845 3157 2140 3243 libripens
2188 3154 2473 3220 habeba—

438 3277 541 3331 tur
588 3266 744 3358 10),
784 3293 910 3334 non
952 3271 1237 3354 admissi,
1292 3272 1402 3360 qui
1442 3273 1509 3336 in
1557 3283 1846 3357 potestate
1890 3282 1999 3337 aut
2041 3269 2292 3336 familiae
2334 3290 2475 3334 em-

437 3382 583 3446 toris
622 3395 730 3448 aut
770 3386 1074 3449 testatoris
1096 3433 1114 3468 ,
1146 3407 1265 3450 nec
1298 3386 1385 3466 is,
1416 3385 1600 3469 cujus
1628 3386 1695 3449 in
1725 3395 2016 3471 potestate
2045 3393 2242 3450 emtor
2276 3394 2470 3467 esset,

451 3497 831 3585 omninoque
868 3498 1273 3564 domesticum
1319 3499 1742 3564 testimonium
1794 3497 2248 3565 excludebatur.
2294 3497 2472 3560 Miti-

437 3611 603 3676 tibus
671 3615 907 3700 operosi
965 3613 1156 3699 hujus
1212 3614 1367 3677 ritus
1430 3612 1874 3678 observantiam
1935 3610 2470 3676 constitutionibus

437 3730 801 3819 Principum
857 3733 1174 3798 remissam
1235 3753 1364 3796 esse
1422 3728 1569 3818 11),
1611 3730 1789 3795 docet
1854 3728 2038 3814 Cajus
2084 3725 2232 3816 12);
2278 3750 2468 3815 quare

436 3864 539 3908 eos
584 3845 717 3910 sine
761 3847 1017 3911 familiae
1063 3845 1332 3911 emtione
1383 3855 1444 3908 et
1490 3842 1953 3929 nuncupatiane
2010 3852 2174 3906 recte
2221 3842 2423 3908 testari
2447 3890 2465 3926 ,

436 3980 516 4022 ne
553 3959 831 4045 legitimo
870 3960 1124 4049 quidem
1173 3960 1422 4026 testium
1470 3979 1732 4022 numero
1771 3954 2062 4044 requisito
2108 3954 2236 4045 13).
2314 3963 2319 3968 ’

503 4068 554 4134 1)
583 4069 659 4120 Cs.
683 4070 796 4136 Utp.
826 4071 1016 4137 Fraqq.
1040 4073 1104 4121 20
1122 4110 1138 4136 ,
1167 4072 1215 4122 1.
1235 4102 1294 4110 -
1314 4071 1367 4137 2)
1385 4071 1459 4120 Cf.
1482 4071 1626 4136 Ilugo
1647 4066 1692 4139 §.
1721 4068 1834 4119 105.
1853 4097 1912 4106 -
1930 4069 1982 4134 5)
2009 4069 2049 4117 A
2070 4068 2294 4119 testando
2312 4104 2328 4132 ,
2352 4071 2461 4115 tan-

434 4170 588 4221 quam
623 4160 886 4211 voluntati·
916 4178 1081 4212 coram
1106 4163 1288 4228 populo
1318 4161 1538 4236 solennis
1560 4160 1845 4212 declaratio.
1870 4161 1944 4212 Cf.
1969 4157 2308 4227 utngo§.105.
2328 4186 2386 4195 -
2407 4157 2462 4221 4)
