3111 4829
1657 417 1678 499 (
1723 417 1801 477 42
1842 417 1865 498 )

759 549 1063 615 Palatinus
1102 548 1560 639 (senatorius),
1595 571 1631 611 a
1672 549 1821 612 Foro
1855 547 1933 612 ad
1965 548 2313 615 Janiculum
2344 550 2513 613 eunti
2549 553 2752 636 proxi-

758 686 936 746 mus,
976 662 1284 729 Fabricius
1322 661 1401 751 3)
1439 673 1498 724 et
1535 661 1764 727 Cestius
1788 710 1806 745 ‚
1846 684 1956 747 per
1996 663 2258 728 insulam
2297 663 2365 726 in
2403 664 2749 728 Janiculum

753 776 1129 858 transeunti,
1177 773 1577 839 Janiculensis
1599 822 1616 856 ‚
1655 774 1982 844 Vaticanus
2020 774 2508 864 (Triumphalis,
2549 776 2752 841 Aure-

756 885 949 976 lius),
975 889 1172 953 AElius
1191 935 1209 970 ,
1246 885 1323 952 ad
1347 888 1569 950 molem
1588 884 1841 951 Adriani
1871 886 2104 952 ducens
2122 936 2140 971 ,
2177 889 2417 953 Milvius
2448 890 2564 979 4),
2591 900 2751 954 extra

752 1004 969 1068 urbem
991 1013 1051 1066 et
1078 1011 1313 1086 portam
1332 1000 1714 1063 Flaminiam.

815 1163 868 1228 1)
901 1161 964 1210 V.
986 1160 1114 1211 Ptin.
1132 1160 1198 1226 ὅ,
1220 1158 1282 1226 15,
1303 1159 1337 1209 9
1357 1152 1377 1226 ,’
1395 1160 1606 1226 Procop.
1630 1161 1693 1209 do
1724 1159 1864 1210 Bello
1889 1161 2036 1210 Goth.
2060 1160 2111 1210 1.
2140 1176 2193 1226 p.
2216 1160 2328 1212 194.
2345 1161 2470 1227 -2)
2495 1161 2573 1210 Cf.
2599 1160 2747 1210 Nard.

751 1251 821 1300 R.
847 1250 960 1299 Vct.
987 1251 1050 1315 1,
1083 1249 1135 1298 δ.
1182 1277 1243 1288 -
1286 1248 1504 1316 8)1{or.
1538 1249 1649 1300 Sat.
1685 1250 1752 1316 1,
1791 1244 1858 1314 ὅ,
1893 1249 2129 1315 86,-α
2159 1250 2394 1302 Fabricio
2428 1266 2533 1299 non
2565 1254 2754 1300 mbram

747 1347 900 1401 pom
929 1340 1127 1388 mene.
1168 1365 1230 1376 -
1278 1337 1342 1403 4)
1367 1338 1505 1388 Idem
1541 1337 1761 1401 mmmm
1791 1338 1970 1389 aiam.
2001 1338 2212 1404 sumn„
2237 1340 2308 1405 s,
2344 1339 2437 1405 52,
2468 1355 2628 1404 qm„-
2661 1320 2757 1389 aas

753 1431 987 1478 vicinum
1014 1444 1068 1477 u
1080 1428 1303 1493 probeat
1320 1428 1561 1479 AEnu'ls‘u
1574 1444 1727 1495 pom.

842 1571 945 1631 48.
995 1569 1125 1636 Viae
1148 1616 1165 1648 ,
1213 1569 1345 1631 aliae
1385 1567 1464 1630 ab
1514 1566 1771 1630 urbibus
1803 1614 1819 1649 ,
1866 1588 1991 1652 quo
2036 1564 2383 1649 ducebant,
2443 1567 2576 1657 aliae
2604 1615 2622 1649 ,
2677 1577 2750 1631 ut

754 1680 953 1765 Appia
970 1728 1001 1773 ,⁴
1031 1702 1065 1744 a
1111 1678 1526 1744 conditoribus
1547 1678 1891 1763 adponam,
1917 1679 2077 1744 intra
2097 1680 2315 1743 urbem
2341 1680 2548 1762 silice,
2587 1674 2754 1745 extra

684 1830 687 1835 -
749 1796 951 1879 glarea
980 1803 1174 1856 stratae
1201 1790 1318 1879 1),
1358 1790 1589 1855 eaedem
1617 1791 1957 1876 lapidibus,
1988 1793 2159 1857 mille
2204 1815 2490 1877 passuum
2553 1795 2749 1857 inter-

745 1907 900 1970 vallo
922 1952 948 1982 ,
985 1928 1023 1971 a
1062 1904 1365 1991 primariis
1399 1904 1544 1969 locis
1579 1902 1923 1969 distantiam
1947 1904 2329 1989 inscriptam,
2359 1905 2528 1994 (quo
2556 1907 2741 1970 etiam

762 2017 1056 2084 trahenda
1078 2019 1365 2105 columna
1391 2017 1676 2082 milliaria
1701 2065 1718 2100 ,
1744 2017 1803 2101 §.
1834 2018 1919 2081 50
1938 2065 1955 2100 ,
1977 2013 2003 2104 )
2024 2018 2190 2081 velut
2208 2019 2287 2082 M.
2313 2018 2500 2081 P.XX
2524 2067 2542 2102 ,
2566 2018 2750 2083 exhi-

736 2131 949 2196 bentes
969 2154 988 2215 3
1030 2129 1199 2196 unde
1220 2129 1316 2196 ad
1327 2133 1619 2219 primum
1633 2176 1660 2207 ‚
1689 2128 1785 2194 ad
1817 2133 2234 2193 centecimum
2251 2128 2336 2193 ab
2358 2130 2519 2193 urbe
2556 2132 2739 2219 lapi-

743 2245 890 2310 dem
900 2291 927 2322 ,
950 2256 1012 2310 et
1038 2244 1278 2309 similia.
1304 2242 1401 2308 Ad
1423 2254 1788 2308 structuram
1807 2243 2158 2306 referuntur
2188 2253 2509 2328 statumen,
2530 2242 2750 2321 rudus,

742 2358 1001 2423 nucleus
1027 2404 1046 2441 ,
1075 2356 1324 2421 dorsum
1350 2354 1426 2438 2)
1452 2379 1471 2440 3
1515 2356 1737 2420 miram
1768 2353 2119 2420 firmitatem
2144 2356 2414 2443 reliquiis
2446 2356 2749 2445 hodieque

743 2472 957 2534 multae
990 2480 1307 2533 testantur.
1334 2468 1504 2531 Inter
1522 2470 1648 2532 vias
1672 2468 2092 2532 celebratiores
2110 2469 2306 2555 Appia
2344 2468 2466 2558 3),
2501 2473 2708 2537 Latina
2734 2518 2752 2555 ‚

742 2580 1061 2645 Tiburtina
1087 2627 1106 2663 ,
1145 2579 1466 2644 Flaminia.
1494 2579 1756 2642 Diversae
1783 2578 1861 2642 ab
1885 2580 2018 2642 aliis
2044 2580 2352 2644 militares.

829 2695 978 2758 Fora
1001 2741 1020 2776 ,
1063 2714 1190 2756 non
1231 2713 1459 2777 pauca,
1501 2702 1574 2753 ut
1612 2691 1679 2751 in
1708 2689 2077 2773 amplissima
2116 2690 2379 2754 civitate.
2413 2692 2497 2755 Ex
2518 2692 2613 2758 his
2632 2697 2751 2760 alia

742 2806 926 2872 rebus
946 2805 1243 2891 publicis,
1270 2803 1603 2891 porticibus
1621 2851 1639 2884 ,
1666 2814 1828 2867 certe
1851 2803 2176 2888 pleraque,
2202 2813 2411 2867 ornata
2426 2829 2446 2888 ;
2468 2807 2749 2872 omnium

743 2917 1211 2984 celeberrimum
1242 2965 1259 2997 ,
1315 2913 1480 3001 quod
1533 2914 1886 2978 Romanum
1908 2961 1926 2994 ‚
1973 2915 2065 2977 vel
2121 2915 2473 2998 simpliciter
2525 2919 2748 2984 Forum

741 3030 1003 3114 dicitur3
1051 3030 1116 3092 in
1159 3028 1389 3092 coeteris
1419 3027 1662 3091 Caesaris
1707 3026 1733 3114 (
1749 3023 2023 3114 Iulium)
2069 3039 2129 3090 et
2155 3028 2419 3112 Trajani.
2446 3031 2582 3098 Alia
2607 3042 2749 3098 sunt

743 3123 951 3208 rerum
976 3141 1280 3205 venalium
1303 3188 1321 3222 ‚
1358 3142 1520 3204 velut
1562 3139 1890 3204 Olitorium
1909 3189 1927 3224 ‚
1957 3140 2242 3205 Boarium
2275 3141 2393 3227 4),
2416 3144 2703 3210 Suarium
2726 3193 2743 3227 ‚

741 3256 1078 3320 Piscarium
1097 3301 1116 3338 ,
1141 3253 1487 3317 Pistorium.

834 3366 1090 3452 Campi,
1133 3366 1330 3452 (quos
1388 3364 1748 3450 Onuphrius
1803 3365 2210 3452 septendecim
2232 3415 2251 3452 ‚
2299 3367 2557 3434 Creuzer
2607 3381 2741 3435 octo

741 3480 887 3547 facit
905 3477 969 3568 ,)
999 3477 1334 3565 graminei,
1359 3478 1616 3543 coetibus
1637 3526 1655 3560 ‚
1676 3477 2099 3563 oblectationi,
2116 3480 2448 3563 juvenum,
2471 3480 2740 3546 tironum

744 3579 1193 3675 exercitationi,
1239 3591 1493 3678 aliisque
1516 3589 1722 3659 dicati.
1751 3593 2108 3659 Notissimus
2153 3594 2413 3679 Campus
2451 3596 2700 3661 Martius
2719 3645 2739 3680 ,

743 3709 840 3770 vel
875 3707 1224 3792 simpliciter
1263 3705 1523 3791 Campus
1552 3702 1631 3793 5)
1658 3755 1676 3791 ,
1716 3717 1788 3770 ut
1814 3707 2154 3772 Certamina
2192 3705 2440 3793 Campi,
2476 3708 2738 3797 Campus

744 3819 1001 3900 venalis,
1024 3831 1164 3900 etc„
1194 3830 1354 3884 extra
1377 3820 1604 3885 moenia
1626 3821 1909 3885 Serviana
1937 3818 2014 3883 ad
2041 3818 2307 3882 Tiberim
2328 3819 2355 3909 (
2369 3823 2426 3907 §.
2454 3820 2647 3910 161.)
2666 3847 2683 3906 3
2702 3842 2738 3883 e

740 3929 969 3994 caeteris
1010 3929 1293 4016 Agrippas
1316 3980 1333 4014 ,
1379 3932 1706 4000 Viminalis
1730 3980 1749 4015 ,
1800 3930 2311 4017 CoelimontanuS,
2354 3935 2736 4022 Trigemina-

744 4063 924 4128 rum,
960 4040 1156 4122 lovis,
1192 4043 1475 4110 Vulcani.
1503 4045 1694 4128 Luci,
1725 4046 1900 4131 sylvae
1935 4044 2293 4110 numinibus
2336 4070 2515 4113 sacrae
2537 4097 2555 4130 ‚
2592 4068 2732 4113 cum
