3111 4829
1369 374 1620 458 (279)

465 512 572 596 jus
598 511 919 576 AElianum
941 505 1095 596 quid
1122 503 1200 572 sit
1225 508 1616 593 complexum
1637 554 1655 589 ,
1685 525 1848 570 unus
1879 517 2156 570 veterum
2195 516 2283 569 est
2303 502 2489 572 Pom-

470 626 693 711 ponius
710 673 728 708 ,
754 622 923 689 unde
953 622 1290 706 discamus,
1319 624 1404 687 ita
1433 633 1641 688 tamen
1659 669 1677 705 ,
1710 631 1782 684 ut
1809 642 1926 685 nee
1946 620 2209 686 sciamus
2231 668 2249 705 ,
2275 631 2489 687 utrum

468 738 957 803 additamentum
978 737 1159 801 modo
1175 737 1335 821 juris
1352 737 1625 802 Flaviani
1646 737 1853 819 fuerit,
1867 758 1946 800 an
1967 753 2179 800 omnes
2201 736 2488 820 actiones,

469 874 587 918 nec
614 874 755 917 vero
777 904 795 934 ,
824 852 891 915 in
920 851 1261 916 actionibus
1284 862 1496 915 utrum
1525 849 1753 937 agendi
1775 860 2016 915 tantum
2048 849 2346 915 rationem
2369 900 2387 934 ,
2408 874 2492 917 an

468 977 685 1031 caetera
730 966 914 1030 etiam
945 965 1359 1048 continuerit,
1391 987 1509 1029 nec
1544 963 1816 1051 denique
1840 1012 1858 1047 ,
1899 975 2110 1028 utrum
2141 963 2296 1029 liber
2335 964 2443 1030 ille
2469 1016 2490 1049 ,

471 1077 638 1166 quod
688 1078 1026 1164 plerisque,
1059 1100 1185 1142 non
1226 1089 1435 1143 tamen
1473 1076 1769 1163 probante
1800 1075 2027 1142 Bachio
2074 1076 2154 1167 (2
2176 1127 2194 1162 ,
2232 1082 2272 1142 2
2297 1117 2315 1162 ,
2344 1076 2488 1168 5.),

466 1190 533 1257 in
575 1192 773 1279 iisque
808 1191 1060 1277 Hugoni
1100 1190 1194 1279 (ς.
1242 1187 1436 1278 153.)
1479 1202 1541 1255 et
1577 1190 2094 1256 Miihlenbruchio
2123 1213 2263 1257 vero
2291 1194 2494 1260 simile

465 1306 699 1389 visum,
747 1317 957 1370 utrum
987 1306 1243 1391 inquam
1266 1353 1284 1390 ,
1314 1303 1482 1370 idom
1503 1353 1521 1387 ,
1561 1327 1644 1369 an
1687 1295 2000 1374 diversum
2036 1305 2115 1371 ab
2144 1307 2327 1391 AElii,
2351 1329 2492 1395 quae

465 1419 837 1506 Pomponius
863 1416 946 1505 (§.
977 1413 1115 1505 38.)
1143 1427 1443 1482 memorat
1466 1466 1483 1499 ,
1518 1419 1870 1505 tripertitis
1894 1419 2078 1482 suerit
2100 1467 2118 1502 ,
2152 1421 2326 1506 queis
2353 1421 2490 1506 tria,

470 1532 644 1598 unde
666 1553 896 1597 nomen
921 1579 939 1616 ,
961 1532 1188 1614 AElius,
1215 1542 1430 1617 praeter
1451 1531 1576 1595 XII
1603 1532 1839 1597 tabulas
1867 1533 2099 1598 scilicet
2122 1533 2492 1619 interpreta-

468 1647 732 1730 tionem,
755 1655 816 1710 et
840 1645 994 1731 legis
1023 1645 1292 1710 actiones
1319 1646 1395 1709 sit
1423 1647 1776 1731 complexus
1804 1645 1894 1734 5).

553 1761 630 1825 In
674 1762 830 1848 legis
858 1761 1202 1827 actionibus
1236 1762 1431 1826 multa
1461 1761 1648 1826 fuisse
1670 1811 1687 1846 ,
1731 1783 1870 1849 quae
1917 1773 2151 1828 mutata
2184 1762 2315 1847 jam
2336 1811 2354 1847 ,
2386 1762 2491 1827 cui

465 1876 927 1964 congruebant,
977 1898 1226 1940 morum
1259 1876 1520 1963 vitaeque
1544 1925 1563 1961 ,
1603 1877 1875 1963 sylvestri
1919 1877 2104 1942 etiam
2152 1877 2448 1962 propioris
2470 1926 2489 1961 ,

465 1990 849 2076 simplicitate
864 2039 882 2073 ,
910 2001 1207 2077 tanquam
1228 1988 1309 2054 ad
1332 2012 1427 2054 res
1469 1988 1740 2076 agendas
1772 1990 2017 2054 inutilia
2040 2038 2057 2072 ,
2094 2002 2203 2054 aut
2225 1990 2493 2075 captiosa

464 2104 648 2170 etiam
674 2155 692 2188 ,
723 2105 1083 2191 astutiaeque
1126 2104 1468 2189 potentium
1493 2115 1772 2189 suspecta
1798 2152 1816 2186 ,
1843 2105 2117 2168 incusari
2148 2115 2208 2166 et
2227 2102 2492 2167 derideri

464 2230 736 2302 possent,
787 2241 867 2283 ne
909 2229 1046 2281 tum
1088 2215 1342 2303 quidem
1387 2227 1578 2299 esset,
1609 2238 1723 2280 cur
1765 2213 1939 2280 valde
1984 2216 2355 2280 miraremur
2380 2264 2397 2298 ,
2441 2215 2493 2278 si

464 2330 747 2417 patricios
772 2331 1227 2412 jureconsultos
1265 2341 1392 2409 tam
1434 2352 1642 2417 aequos
1680 2331 1749 2393 in
1781 2331 2029 2416 plebem
2070 2331 2493 2418 sapientesque

463 2445 651 2510 fuisse
682 2455 1017 2528 constaret,
1049 2467 1237 2533 quam
1263 2446 1448 2531 vulgo
1472 2444 1719 2532 iniquos
1742 2456 1805 2509 et
1836 2444 1961 2510 doli
1985 2445 2341 2533 fraudisque
2365 2446 2494 2532 ple-

466 2580 576 2623 nos
603 2556 842 2641 habitos
868 2580 997 2622 esse
1033 2558 1392 2644 accipimus,
1424 2558 1565 2639 Qua
1594 2558 1660 2621 in
1691 2581 1759 2622 re
1798 2582 1942 2624 sane
1963 2558 2313 2643 judicantes
2341 2582 2491 2623 mo-

465 2671 657 2736 nendi
698 2695 824 2738 non
853 2684 997 2737 sunt
1018 2721 1035 2755 ,
1074 2695 1153 2738 ne
1179 2673 1496 2753 celebratis
1522 2675 1644 2738 illis
1686 2697 1758 2739 ex
1791 2675 2064 2739 oratione
2101 2696 2209 2759 pro
2233 2674 2493 2739 Murena

468 2788 613 2851 locis
639 2783 740 2875 6),
777 2798 850 2851 ut
877 2786 1026 2851 alios
1070 2786 1174 2852 hic
1211 2788 1559 2870 mittamus,
1606 2789 1875 2853 nimium
1916 2789 2188 2852 tribuant
2222 2790 2495 2853 auctori—

464 2902 634 2987 tatis;
663 2926 861 2990 quum
887 2901 1283 2966 manifestum
1319 2900 1424 2984 sit,
1451 2902 1637 2987 longe
1659 2878 1831 2966 aliud
1873 2900 1976 2965 hic
2000 2903 2361 2967 Ciceronem
2382 2924 2493 2966 vo-

467 3014 650 3080 luisse
672 3064 689 3098 ,
709 3039 897 3102 quam
919 3015 997 3080 de
1021 3038 1088 3079 re
1104 3063 1122 3099 ,
1147 3015 1213 3077 in
1237 3037 1360 3101 qua
1377 3014 1643 3098 jocatur,
1666 3015 1819 3103 quid
1840 3038 1981 3079 vere
2004 3017 2275 3099 sentiret,
2299 3016 2500 3081 decla-

468 3151 604 3193 rare
644 3127 671 3221 (
683 3152 737 3194 v.
757 3152 815 3215 p.
834 3127 1014 3215 277.)
1032 3128 1374 3210 Nec‘enim,
1399 3128 1504 3192 ubi
1523 3131 1739 3195 veritas
1755 3130 2059 3216 proposita
2081 3141 2191 3214 est,
2218 3128 2274 3214 ej
2285 3128 2501 3195 usdem

471 3243 740 3308 hominis
782 3242 1002 3308 dixeris
1040 3242 1620 3328 jurisconsultorum
1669 3243 1938 3306 scientiae
1982 3252 2219 3328 partem
2263 3244 2499 3308 facetiis

471 3358 732 3424 illudere
757 3407 775 3443 ,
820 3369 881 3422 et
924 3358 1044 3422 XII
1088 3355 1439 3421 tabularum
1483 3356 1801 3441 libellum,
1828 3356 1995 3421 illius
2021 3377 2269 3443 quoque
2291 3357 2495 3443 partiS,

467 3484 536 3539 ut
571 3473 771 3538 omnis
791 3471 953 3557 juris
975 3470 1248 3553 romani,
1277 3470 1508 3534 fontem
1533 3496 1552 3553 3
1591 3493 1773 3556 super
1792 3468 2191 3535 bibliothecas
2214 3471 2499 3537 omnium

465 3587 1000 3674 philosophorum,
1044 3584 1210 3673 quod
1250 3583 1418 3649 idem
1440 3586 1651 3650 Cicero
1683 3582 1750 3673 7)
1795 3586 1978 3670 facit,
2019 3585 2323 3650 extollere.
2361 3585 2498 3649 Cae-

467 3713 668 3766 terum
714 3704 870 3789 ipsas
915 3701 1162 3766 facetias
1214 3700 1407 3783 notis,
1447 3711 1518 3764 ut
1557 3700 1710 3786 legis
1753 3701 2070 3765 actionum
2121 3723 2306 3767 causa
2358 3722 2498 3766 me-

467 3815 828 3900 morabiles,
873 3815 1291 3896 inseruimus3
1337 3814 1404 3879 in
1450 3813 1678 3900 quibus
1725 3824 1793 3878 ut
1837 3815 2149 3901 aliquanto
2192 3814 2498 3902 longiores

467 3950 734 3994 essemus
758 3978 775 4012 ,
801 3941 863 3994 et
895 3931 985 3995 rei
1006 3929 1374 4011 obscuritas,
1397 3939 1459 3992 et
1482 3928 1611 4014 ipsa
1632 3978 1649 4011 ,
1685 3940 1816 4015 post
1838 3939 2103 4016 repertas
2128 3930 2208 3995 Ca
2209 3928 2264 4014 ji
2287 3929 2498 3995 Insti-

471 4046 745 4107 tutionee
767 4090 787 4122 ,
834 4042 1284 4130 quodammodo
1338 4042 1571 4108 novitas
1617 4055 1966 4111 suaserunt.
2015 4043 2110 4109 Ad
2158 4046 2453 4111 formulas
2476 4094 2496 4129 ,
