3111 4829
1306 382 1557 466 (407)

418 529 489 572 m
510 522 774 589 Momm,
795 517 1089 574 ammae·
1102 523 1317 589 ‹aq-aus
1328 557 1349 588 ‚
1367 524 1743 588 qne-ptumo·
1760 511 2041 594 dap-Aeaee
2058 521 2274 576 muna·
2285 526 2433 592 socie,

414 619 719 682 assidueque
737 619 977 667 δίκον-υἰέ
991 636 1013 678 ,-
1029 633 1091 666 αο
1112 619 1299 668 uosm's
1330 618 1560 682 exemplo
1575 618 1690 680 sus'e
1706 621 1779 668 ad
1806 620 2136 697 imitandum.
2162 617 2430 668 Hactenus

417 714 585 756 tanum
623 709 843 772 imitati,
883 715 944 755 ue
976 710 1209 756 earmina
1237 723 1426 771 parum
1449 709 1617 758 adhuc
1642 710 1904 773 divulqata
1921 744 1937 770 ,
1967 709 2046 758 vel
2072 709 2427 772 defunctorum

411 800 720 862 amicorum,
746 798 825 846 vel
842 801 891 846 si
913 814 1132 862 quorum
1155 798 1377 846 aliorum
1391 798 1722 863 probassent,
1745 800 2043 863 dil-'qents'us
2073 806 2430 864 retractarent,

411 902 473 935 ac
494 887 699 950 leyendo
718 888 1196 951 consummandaque
1227 888 1379 936 otiam
1412 891 1605 935 σαῖσι-ὡ
1638 895 1758 937 nota
1775 887 2021 950 facerent.
2040 914 2101 925 —-
2118 887 2171 948 5)
2196 887 2272 935 Cf.
2292 889 2427 937 Suet.

412 980 554 1042 Auq.
586 976 679 1040 94,
715 978 897 1027 Juvcn.
937 977 995 1027 11
1013 1013 1030 1041 ,
1068 976 1184 1027 137.
1204 977 1339 1043 -4)
1365 977 1441 1026 Cf.
1462 978 1585 1026 Hor.
1609 977 1721 1042 Ep.
1749 977 1809 1041 1,
1834 975 1899 1029 10
1917 1014 1934 1042 ,
1952 977 2013 1027 ⁴1
2037 1013 2054 1041 ,
2076 976 2338 1042 pumma.
2365 978 2389 1027 1
2416 1012 2438 1041 ‚

418 1066 500 1128 15,
523 1066 704 1116 Juven.
724 1066 834 1117 Sat.
858 1068 906 1116 1.
933 1065 1075 1130 init„
1098 1065 1152 1130 ⁷,
1174 1066 1259 1116 59.
1275 1067 1409 1127 -5)
1429 1066 1504 1115 Cf.
1522 1067 1745 1129 necron,
1766 1067 1946 1115 δοιοὶ.
1969 1068 2023 1115 d.
2038 1066 2190 1117 Sena.
2207 1068 2261 1115 d.
2285 1067 2440 1115 class.

414 1154 592 1204 Liuor.
619 1158 690 1204 im
712 1154 1010 1205 Mittelaltar
1023 1154 1096 1218 ,1.
1116 1154 1164 1204 1.
1182 1151 1227 1223 §.
1247 1155 1326 1204 16.
1343 1171 1457 1220 sqq.
1472 1193 1490 1222 ,
1510 1154 1638 1220 ibiq.
1657 1170 1686 1205 ο
1710 1155 1889 1206 Cods‘es
1915 1154 2111 1205 Thood.
2128 1155 2264 1204 cirea
2282 1154 2438 1203 Scho-

412 1243 484 1293 las
501 1245 724 1310 publicas
746 1260 776 1294 a
800 1243 1113 1312 Principibus
1128 1246 1413 1296 constituta.

512 1462 662 1528 408.
710 1460 838 1526 Nec
864 1482 1005 1526 vero
1031 1458 1416 1524 bibliotheca}
1444 1458 1691 1545 privatae
1731 1470 1839 1523 aut
1867 1458 2130 1546 publieae
2160 1460 2435 1527 deerant.

418 1573 660 1640 Privata
705 1574 923 1638 Romae
962 1573 1156 1658 prima
1196 1583 1573 1637 memoratur
1613 1572 1849 1637 AEmilii
1891 1573 2066 1637 Pauli
2099 1574 2190 1664 (a.
2243 1573 2443 1663 585.)

421 1686 724 1751 Posterius
774 1685 1148 1772 Apellieonis
1197 1705 1488 1771 magnam
1547 1683 1850 1749 librorum
1894 1686 2133 1771 copiam
2186 1685 2471 1752 Athenis

419 1800 622 1864 attulit
668 1799 829 1887 Sylla
852 1847 870 1882 ,
907 1796 1305 1883 insigniorem
1353 1819 1424 1861 ex
1472 1797 1614 1864 Asia
1645 1798 1973 1881 Lucullus3
2023 1800 2447 1887 paulatimque

421 1933 555 1976 mos
598 1910 904 1994 obtinuit,
943 1910 1013 1975 in
1044 1910 1312 1997 spatiosis
1341 1909 1576 1975 aedibus
1619 1922 1856 1997 partem
1899 1911 2323 1997 bibliothecae,
2364 1912 2446 1979 ad

421 2015 744 2088 Orientem
786 2025 955 2108 fere,
992 2004 1298 2088 destinari.
1341 2023 1416 2087 In
1458 2023 1722 2108 publicis
1754 2047 1895 2087 vero
1935 2025 2152 2091 Romae
2181 2026 2446 2111 primam

422 2136 671 2200 Asinius
706 2135 897 2199 Pollio
940 2132 1005 2223 1)
1049 2135 1120 2198 in
1154 2135 1306 2198 atrio
1343 2135 1557 2220 templi
1597 2134 1952 2217 Libertatis,
1989 2158 2129 2199 mox
2169 2139 2449 2203 celeber-

424 2251 649 2315 rimam
669 2251 988 2336 Augustus
1004 2248 1284 2313 Latinam
1306 2247 1710 2338 Graecamque
1729 2246 1807 2313 ad
1828 2250 2129 2334 templum
2151 2251 2452 2337 Apollinis

426 2362 727 2448 Palatini,
756 2363 941 2429 aliam
982 2361 1058 2428 ad
1086 2359 1392 2427 theatrum
1430 2362 1701 2428 Marcelli
1748 2359 2081 2449 publicavit
2106 2359 2195 2451 2).
2238 2365 2451 2430 Plures

426 2479 679 2565 insuper
700 2488 1122 2543 memorantur
1143 2478 1257 2543 sub
1282 2477 1621 2543 Caesaribus
1640 2475 1889 2560 additae,
1911 2476 1979 2542 in
2005 2477 2231 2565 quibus
2249 2478 2449 2565 Ulpia,

426 2616 463 2658 a
508 2592 770 2678 Trajano
819 2590 1115 2676 fundata,
1156 2603 1261 2676 et,
1311 2614 1501 2679 quam
1552 2589 1866 2655 Gordiano
1905 2590 2145 2677 juniori
2185 2592 2453 2656 Serenus

429 2706 856 2772 Sammonicus
887 2717 1246 2771 testamento
1270 2706 1517 2793 reliquit
1547 2701 1640 2792 3).

515 2819 853 2906 Hucusque
879 2816 958 2883 de
999 2819 1338 2882 litterarum
1370 2817 1543 2881 cultu
1593 2814 1769 2879 dictis
1806 2813 2148 2880 earundem
2193 2839 2303 2901 per
2341 2839 2453 2903 ge·-

429 2953 577 2996 nera
598 2980 617 3016 ‚
649 2932 805 2996 etin
848 2932 1104 3018 singulis
1144 2942 1468 2995 auctorum
1509 2927 1966 2993 distinctionem
1993 2976 2011 3011 ‚
2055 2950 2128 2993 ac
2159 2926 2450 3013 deinceps

430 3043 780 3109 brevissima
810 3028 1276 3109 adumbratione
1318 3044 1422 3107 illa
1449 3040 1777 3126 adjicimus
1798 3089 1816 3124 ,
1859 3063 1999 3127 quae
2027 3040 2449 3127 arehaeologiae

430 3157 739 3222 litterariae
762 3158 1016 3221 nomine
1041 3179 1077 3222 a
1109 3156 1424 3221 nonnullis
1449 3151 1885 3239 comprehensa
1904 3201 1923 3236 ‚
1972 3152 2050 3216 ad
2076 3153 2303 3217 litteras
2333 3153 2455 3217 sive

433 3271 738 3335 elementa
758 3316 776 3353 ,
800 3270 1112 3355 scripturae
1138 3268 1438 3334 rationem
1460 3278 1522 3332 et
1541 3268 1948 3331 instrumenta
1970 3314 1988 3349 ‚
2013 3266 2312 3331 librorum
2339 3267 2459 3329 for-

434 3382 602 3448 mam
635 3394 699 3447 et
719 3393 1005 3448 ornatum
1026 3432 1043 3466 ,
1065 3380 1143 3447 ad
1166 3381 1405 3447 codices
1429 3381 1580 3445 item
1616 3380 2064 3466 manuscriptos
2083 3428 2101 3464 ,
2131 3378 2207 3444 ad
2236 3401 2461 3444 numos

435 3519 773 3586 eorumque
798 3506 857 3561 et
880 3507 1426 3562 monumentorum
1450 3495 1875 3583 inscriptiones
1893 3543 1912 3580 ‚
1939 3494 2196 3559 omnino
2223 3492 2302 3559 ad
2328 3513 2459 3558 rem

435 3614 793 3678 litterariam
820 3612 1194 3679 referuntur.

509 3825 561 3886 1)
581 3825 804 3877 cr.Plin.
825 3825 889 3891 ⁷,
912 3825 1116 3891 amm,
1138 3824 1347 3891 amor.
1368 3823 1478 3875 Sat.
1498 3821 1750 3888 1,4,21,
1772 3822 1915 3870 0vid.
1938 3821 2101 3873 Tn'st.
2125 3820 2187 3884 ὅ,
2212 3820 2271 3883 1,
2291 3819 2375 3870 71.
2397 3847 2460 3860 -

439 3916 493 3975 2)
518 3915 596 3964 Cf.
624 3915 758 3965 Suet.
794 3917 934 3981 Assy.
972 3915 1067 3980 29,
1111 3916 1235 3966 Cas.
1273 3914 1367 3980 44,
1402 3915 1523 3964 Hor.
1559 3913 1671 3978 Ep.
1700 3911 1761 3976 1,
1783 3911 1846 3975 ὅ,
1873 3911 1934 3960 16
1955 3947 1972 3975 ,
1995 3911 2055 3977 2,
2082 3910 2142 3975 1,
2171 3909 2295 3975 216,
2317 3911 2459 3960 Ovid.

447 4007 609 4057 Trist.
633 4006 666 4054 ὅ
686 4042 702 4069 ,
727 4006 749 4055 1
770 4042 785 4069 ,
808 4008 871 4057 60
889 4013 938 4056 et
955 4007 1037 4056 69.
1060 4036 1118 4046 -
1140 4007 1195 4073 ὅ)
1216 4008 1281 4059 V.
1305 4008 1495 4057 Beer-en
1513 4043 1528 4073 ‚
1558 4005 1735 4056 Gnch.
1756 4006 1810 4054 d.
1827 4003 1978 4054 Stud.
2003 4004 2055 4051 d.
2080 4004 2229 4051 class.
2251 4001 2426 4052 Litter.
2443 4039 2458 4069 ‚

441 4096 711 4148 introduct.
728 4112 778 4161 p.
801 4096 879 4146 15.
896 4114 1008 4162 sqq.
