3111 4829
1483 413 1742 495 (166)

604 550 740 610 tum
778 563 903 608 non
943 565 1109 629 esse,
1151 546 1308 631 nisi,
1349 505 1589 634 quum,
1636 547 1834 613 tribus
1871 547 2232 633 pluribusve
2273 550 2621 635 sententiis,

602 665 748 721 ante
782 659 988 725 omnia
1031 661 1474 747 quaerendutn,
1512 682 1702 749 quam
1744 661 1942 748 major
1985 685 2123 780 pars
2160 664 2388 746 nollet,
2432 675 2504 729 ut
2543 664 2624 730 de

605 768 859 857 reliquis
881 768 1166 858 deinceps
1186 772 1517 839 videretur.

676 954 1068 1022 1)1⁴‚⁷·—2)
1103 960 1179 1009 Cf.
1201 959 1255 1008 Ci
1239 975 1306 1009 ic.
1327 961 1466 1011 Phil.
1490 960 1554 1026 6,
1575 960 1635 1016 1.
1674 962 1832 1026 on.
1858 962 2015 1026 siun.
2046 961 2196 1029 9,1,
2229 963 2481 1015 &amrin
2515 982 2626 1016 eom

608 1050 908 1097 muntium
922 1083 941 1112 ,
967 1049 1084 1098 San.
1103 1048 1213 1100 Cot.
1232 1049 1292 1100 51
1313 1087 1329 1116 ‚
1360 1058 1569 1101 senam
1598 1053 1656 1100 in
1681 1051 1889 1103 Catonia
1913 1055 2212 1103 sententiam
2240 1054 2494 1120 discum,
2520 1043 2627 1106 Cic.

610 1135 751 1186 Pha.
804 1135 838 1185 5
858 1170 878 1202 ,
920 1137 953 1185 9
976 1174 992 1202 ,
1042 1167 1102 1177 —
1146 1142 1638 1193 senatusconsultum
1683 1145 1744 1192 de
1789 1143 2163 1209 supplicatione
2213 1160 2315 1210 per
2365 1145 2630 1195 deuecto-

611 1240 726 1274 nem
741 1224 899 1291 facit,
921 1243 1083 1291 quum
1104 1230 1162 1278 ἑά
1172 1230 1375 1293 factum
1394 1239 1519 1301 essee
1536 1240 1689 1284 antea
1707 1250 1997 1298 nunquam.
2018 1233 2095 1284 Cf.
2117 1240 2170 1284 et
2185 1235 2239 1283 in
2256 1234 2308 1284 S.
2323 1233 2379 1284 C.
2399 1230 2466 1302 (S.
2488 1234 2627 1299 2200)

611 1311 676 1362 de
692 1314 897 1380 imperio
912 1316 1194 1383 Vespasiani
1205 1336 1303 1384 per
1319 1305 1610 1372 relationem
1625 1325 2094 1390 adsensionemque.
2113 1352 2173 1364 —-
2192 1324 2246 1390 ὅ)
2269 1325 2345 1374 Cf.
2363 1323 2496 1373 Pun.
2512 1322 2626 1388 Ep.

614 1400 677 1470 8,
700 1402 782 1455 u.
805 1433 867 1444 -
887 1405 939 1474 4)
965 1407 1039 1459 Cf.
1058 1409 1299 1476 Vopiscus
1315 1410 1370 1461 in
1390 1415 1571 1464 Aur-01.
1592 1414 1678 1465 20.
1702 1441 1765 1454 -··
1780 1414 1838 1480 5)
1861 1414 1938 1464 Cf.
1961 1415 2095 1466 Feet.
2118 1415 2171 1464 in
2189 1418 2285 1480 que·
2299 1415 2410 1465 Ιιοο.

709 1596 857 1662 182.
905 1597 1284 1665 Discessione
1329 1612 1614 1687 peracta,
1677 1600 2165 1688 perscribebatur
2238 1611 2644 1666 senatuscon-

618 1709 886 1791 sultum,
936 1721 1006 1775 ut
1049 1734 1158 1797 par
1204 1724 1332 1778 erat
1359 1762 1377 1798 ,
1433 1736 1567 1778 rem
1625 1715 1980 1781 summatim
2033 1736 2380 1800 exponens,
2433 1712 2638 1778 addito

616 1824 804 1888 etiam
826 1872 843 1906 ,
886 1825 954 1886 in
984 1825 1165 1909 cujus
1206 1828 1570 1893 sententiam
1610 1828 1843 1892 factum
1890 1837 2061 1893 esset.
2098 1827 2195 1892 Ad
2233 1815 2638 1892 senatuscon4

619 1940 851 2002 sultum
891 1949 1091 2002 certus
1112 1988 1129 2021 ,
1164 1939 1268 2004 sed
1307 1962 1418 2025 pro
1454 1952 1729 2027 tempore
1756 1941 1957 2006 varius
1980 1951 2328 2006 senatorum
2359 1923 2640 2026 praesen—

620 2050 780 2117 tium
802 2072 1097 2116 numerus
1118 2054 1545 2140 requirebatur
1574 2049 1678 2142 1);
1722 2052 1826 2120 sed
1844 2101 1862 2137 ,
1902 2075 1984 2118 an
2015 2053 2329 2140 legitimus
2367 2051 2637 2137 adesset,

563 2223 574 2234 .
622 2188 749 2233 non
761 2187 1000 2252 semper
1020 2169 1341 2254 quaesitum
1360 2168 1594 2235 diceres
1610 2180 1752 2234 ante
1769 2169 2158 2254 relationem3
2183 2166 2349 2235 unde
2363 2190 2642 2234 numera

620 2279 923 2346 cenatum
978 2283 1572 2348 senatusconsultum
1633 2281 1936 2370 impedire
1984 2282 2290 2369 cupientis
2343 2278 2445 2370 2).
2492 2282 2643 2347 Sine

625 2396 793 2483 gravi
831 2418 1014 2462 causa
1049 2396 1285 2461 absenti
1326 2397 1521 2464 multa
1563 2397 1889 2465 constituta
1923 2396 2001 2488 3)
2024 2448 2043 2484 ,
2086 2398 2439 2487 pignusque
2480 2397 2644 2484 exigi

624 2520 857 2594 poterat
899 2507 1007 2597 4);
1050 2531 1253 2595 neque
1291 2511 1542 2594 minus,
1581 2512 1831 2596 opinor,
1873 2511 1923 2574 si
1960 2512 2098 2599 quis
2128 2513 2391 2599 graviter
2431 2522 2540 2577 aut
2577 2511 2646 2575 in

625 2620 1050 2708 praesidentem
1091 2633 1200 2687 aut
1252 2622 1321 2688 in
1374 2621 1760 2709 disciplinam
1807 2622 2038 2689 ordinis
2087 2610 2430 2709 peccasset3
2477 2622 2648 2689 unde

625 2733 853 2822 pendet
881 2733 1128 2799 coedere
1144 2737 1434 2823 piqnora
1473 2735 1517 2799 i.
1563 2758 1617 2800 e.
1638 2783 1657 2817 ,
1685 2735 1735 2799 si
1770 2734 2157 2801 Zamoscium
2192 2731 2262 2822 5)
2293 2734 2648 2822 sequimur,

626 2859 873 2935 accepta
910 2847 1170 2914 vendere
1196 2872 1214 2933 ;
1253 2848 1360 2914 sed
1396 2850 1573 2914 nobis
1605 2849 1787 2915 liceat
1824 2849 2011 2915 etiam
2041 2849 2322 2916 dubitare
2347 2846 2436 2937 6).
2461 2850 2651 2938 Legi-

628 2964 854 3029 timum
874 2963 1160 3029 omnibus
1177 2963 1693 3049 impedimentum
1706 3012 1725 3048 ‚
1746 2963 1901 3030 utin
1918 2963 2211 3049 comitiis,
2230 2963 2650 3031 Tribunorum

628 3075 824 3163 plebis
852 3088 987 3141 veto
1004 3123 1030 3153 ,
1068 3076 1179 3164 qui
1208 3075 1357 3140 olim
1383 3124 1401 3160 ,
1431 3087 1575 3141 ante
1608 3078 1802 3142 valvas
1831 3076 2022 3142 curiae
2049 3075 2324 3143 sedentes
2347 3125 2365 3161 ,
2410 3075 2653 3142 decreta

630 3191 1113 3277 cognoscebant,
1160 3200 1295 3276 post
1340 3190 1456 3277 ipsi
1498 3191 1567 3254 in
1617 3200 1895 3256 senatum
1933 3191 2185 3278 recepti.
2227 3190 2655 3277 Impediebant

631 3326 774 3368 vero
800 3305 987 3368 etalii
1016 3307 1437 3390 magistratus,
1470 3303 1579 3369 sed
1619 3303 1861 3370 nonnisi
1885 3307 2017 3392 pari
2046 3316 2155 3373 aut
2178 3305 2433 3390 majori,
2462 3325 2653 3389 quam

632 3416 961 3504 Praesidens
979 3467 997 3501 ,
1026 3429 1315 3504 potestate
1340 3415 1429 3507 7).
1461 3419 1722 3484 Senatus
1751 3441 1877 3485 non
1900 3419 2066 3505 justo
2087 3441 2348 3486 numero
2373 3428 2481 3482 aut
2505 3416 2654 3481 alias

634 3553 763 3598 non
804 3510 919 3598 rite
957 3532 1312 3620 congregati
1333 3581 1352 3617 ,
1400 3533 1652 3598 omnino
1697 3556 1823 3599 non
1859 3534 2208 3622 legitimum
2244 3541 2353 3598 aut
2395 3527 2650 3594 vetitum

632 3634 1065 3713 ¹intercessione
1085 3644 1402 3712 decretum
1425 3649 1749 3714 auctoritas
1771 3648 2100 3736 perscripta
2124 3644 2192 3736 8)
2214 3643 2529 3710 dicebatur
2558 3640 2650 3731 9).

637 3762 1170 3829 senatusconsulta
1191 3810 1209 3847 ,
1248 3763 1398 3829 olim
1461 3764 1528 3828 in
1579 3764 1709 3828 aede
1760 3763 1997 3831 Cereris
2040 3762 2121 3828 ab
2162 3758 2472 3825 AEdilihus
2515 3759 2655 3844 ple·

636 3873 796 3958 bejis
832 3874 939 3963 10)
963 3924 981 3960 ,
1017 3888 1146 3963 post
1174 3878 1239 3941 in
1262 3878 1501 3943 AErario
1535 3901 1573 3942 a
1602 3876 2015 3958 Quaestoribus
2039 3923 2057 3959 ,
2096 3874 2165 3938 in
2206 3872 2543 3957 tabulario,
2588 3881 2660 3936 ut

638 3985 809 4071 leges
831 3985 855 4073 (
868 3987 928 4070 §.
960 3985 1147 4076 149.)
1169 3989 1410 4076 aliaque
1439 3991 1660 4076 scripta
1688 3988 1934 4076 publica
1952 4036 1969 4071 ,
1997 3985 2495 4054 custodiebantur
2522 3983 2656 4073 11).

645 4101 903 4169 Senatus
963 4112 1026 4169 et
1079 4103 1286 4190 populi
1339 4115 1495 4170 aeta
1549 4103 1798 4170 diurna
1845 4099 1971 4191 12)
2026 4115 2096 4169 ut
2152 4102 2657 4191 publicarentur,
