3111 4829
1495 399 1743 483 (214)

618 529 856 612 litares,
902 529 1048 592 alias
1087 529 1299 614 propie
1338 530 1565 594 aulicas
1604 552 1732 601 esse
1761 579 1779 613 ,
1809 531 1941 616 ipsa
1986 531 2237 596 nomina
2263 530 2623 614 *declaranu

618 653 761 706 sunt
792 642 973 706 etiam
1000 692 1017 726 ‚
1056 665 1206 729 quas
1249 643 1469 707 mixtas
1503 642 1809 729 adpellare
1847 645 2051 729 possis.
2093 644 2381 730 Singulas
2417 656 2624 710 autem

618 755 783 842 quod
825 757 1039 820 attinet
1078 805 1096 838 ,
1146 756 1222 821 de
1262 758 1566 824 Proet'ectis
1619 759 1904 822 Praetorio
1946 768 2008 822 et
2055 757 2233 824 Urbis
2262 805 2281 842 ,
2323 769 2627 845 quantum

615 869 978 954 compendio
1028 870 1166 932 satis
1206 869 1445 934 videtur
1470 920 1486 952 ,
1535 871 1826 935 diximus.
1871 870 1968 935 Ad
2008 872 2319 957 Magistros
2362 873 2630 936 Militum

519 965 526 971 ¹
614 983 974 1047 aPraesectis
1004 984 1288 1046 Praetorio
1331 1006 1461 1047 rem
1492 985 1821 1049 militarem
1849 985 2202 1050 translatam
2252 985 2476 1070 pariter
2508 984 2535 1075 (
2563 987 2625 1071 §.

616 1093 799 1183 225.)
833 1097 1297 1160 memoravimus
1322 1096 1401 1185 (v.
1426 1097 1665 1163 Pancir.
1692 1108 2020 1164 comment.
2055 1120 2194 1184 pag.
2237 1094 2627 1184 1408.ysqq.)

702 1212 756 1276 E
794 1212 1091 1297 Magistris
1128 1210 1250 1276 duo
1298 1213 1677 1296 praesentales
1703 1214 1800 1279 vel
1844 1214 1912 1277 in
1959 1213 2280 1298 praesenti,
2331 1223 2627 1299 tanquam

611 1326 682 1389 in
724 1337 1051 1410 conspectu
1089 1326 1429 1412 Principis,
1468 1327 1698 1413 quippe
1749 1328 2058 1392 militibus
2097 1328 2378 1412 palatinis
2421 1338 2482 1391 et
2516 1348 2628 1390 co·-

608 1439 1032 1504 mitatensibus
1055 1487 1073 1523 ,
1097 1439 1138 1504 i.
1167 1461 1221 1505 e.
1251 1441 1408 1504 aulae.
1437 1441 1530 1506 vel
1552 1441 1759 1525 palatii
1789 1440 2141 1506 custodibus
2172 1439 2624 1526 comitibusque

611 1553 946 1639 Principis,
983 1555 1249 1638 praa-fecti
1276 1603 1294 1637 ,
1333 1576 1471 1641 quae
1506 1557 1695 1640 copiae
1722 1568 1783 1619 et
1821 1557 1966 1640 ipsae
2007 1564 2330 1640 presentes
2357 1575 2430 1619 ac
2455 1575 2626 1638 pra>-

610 1668 867 1731 sentales
894 1668 1205 1752 adpellata}
1237 1667 1360 1756 (ib.
1389 1690 1526 1754 pag.
1571 1672 1759 1734 1411.
1789 1667 1816 1756 )
1857 1668 2104 1733 Eaedem
2133 1679 2343 1733 tamen
2383 1667 2450 1731 in
2481 1688 2627 1752 pro-

611 1780 841 1846 vincias
886 1802 1131 1866 quoque
1186 1780 1628 1863 mittebantur,
1682 1781 1796 1845 sub
1847 1781 2145 1864 magistris
2208 1780 2474 1844 militun‘u
2521 1800 2629 1863 per

610 1915 711 1957 eas
752 1893 1235 1978 imperantibus,
1292 1916 1519 1958 nomen
1573 1906 1633 1957 et
1688 1893 2109 1980 praerogativas
2158 1903 2464 1960 servantes
2507 1891 2624 1980 (v.

609 2027 751 2093 pag.
802 2004 1045 2093 1480.)

638 2177 647 2192 ,
698 2121 1060 2205 Ρτωῃοείωε
1099 2121 1267 2187 Sacri
1326 2122 1614 2189 Cubiculi
1659 2143 1874 2186 curam
1918 2121 2221 2206 Principis
2259 2140 2529 2208 persone
2570 2133 2632 2185 et

610 2234 885 2304 cubiculi
919 2256 1409 2321 arcanarumque
1447 2235 1763 2300 literarum
1791 2233 2077 2300 <habebat
2108 2259 2127 2318 3
2188 2234 2354 2300 unde
2402 2234 2519 2300 sub
2556 2256 2631 2299 eo
2695 2283 2698 2290 Α

609 2359 927 2434 ponuntur
970 2347 1362 2414 Primicerius
1406 2346 1693 2412 Cubiculi
1747 2369 1898 2412 cum
1941 2348 2244 2432 Decanis,
2298 2348 2632 2416 Castrensis

611 2483 757 2527 cum
776 2461 1145 2529 Primiceriis
1165 2462 1516 2535 Mensorum
1541 2509 1561 2542 ,
1587 2461 1985 2527 Cellarior-um
2013 2510 2030 2543 ‚
2050 2461 2590 2548 Lampadariorum
2608 2509 2626 2544 ‚

615 2575 832 2638 Comes
861 2577 1058 2638 Sacrae
1094 2574 1292 2641 Vestis
1314 2623 1333 2658 ‚
1365 2573 1733 2640 Chartularii
1767 2574 2092 2657 cubiculi,
2124 2576 2501 2643 Decuriones
2523 2577 2627 2640 Si-

610 2687 1037 2765 lentiariorum
1059 2735 1078 2770 ,
1124 2698 1239 2752 etc.
1267 2685 1401 2777 (ib.
1451 2685 1696 2775 1491.)

704 2828 853 2890 233.
880 2825 1170 2911 Magister
1211 2823 1587 2889 Officiorum¹
1617 2822 1683 2911 1)
1720 2823 1949 2889 dicitur
1988 2825 2209 2890 officiis
2248 2826 2370 2893 sive
2410 2825 2626 2889 minis—

612 2939 783 3004 teriis
819 2940 977 3005 aulae
1020 2937 1086 3027 2)
1119 2989 1135 3023 ‚
1170 2962 1317 3005 cum
1360 2939 1670 3004 aliis-tum
1716 2939 2000 3023 armatis,
2051 2941 2447 3026 praepositus,
2486 2958 2627 3026 quoe

608 3052 828 3118 scholae
841 3066 1150 3120 vocantur.
1175 3055 1305 3120 Sub
1331 3053 1547 3118 eodem
1576 3054 1795 3119 scrinia
1824 3055 2138 3119 memoriae
2156 3103 2173 3138 ‚
2200 3055 2590 3141 epistolarum
2609 3101 2627 3136 ‚

607 3168 1046 3239 admissionum
1077 3165 1180 3259 (-§.
1217 3166 1421 3256 494.)
1457 3217 1474 3251 ,
1515 3167 1971 3254 deprecationes
2004 3170 2287 3256 gentium
2313 3217 2330 3252 ,
2378 3167 2627 3232 fabricoe

608 3282 759 3345 item
787 3304 1099 3346 armorum
1138 3293 1197 3345 et
1225 3303 1439 3353 cursus
1462 3283 1747 3368 publicus
1774 3279 1876 3371 3),
1915 3304 2041 3369 quo
2067 3331 2084 3366 ,
2111 3292 2358 3367 accepto
2386 3279 2464 3345 ad
2487 3300 2626 3343 eam

605 3415 742 3458 rem
773 3395 1150 3482 synthemate
1174 3395 1557 3487 (diploma),
1597 3398 1929 3462 utebantur
1966 3396 2211 3483 publice
2240 3396 2356 3461 iter
2389 3393 2628 3457 facien-

608 3521 700 3574 tes
745 3509 820 3599 4)
846 3510 1068 3594 {unde
1111 3512 1176 3575 in
1222 3512 1357 3597 ejus
1403 3512 1764 3579 officialibus
1816 3511 2146 3596 Adjutores
2187 3507 2625 3589 Fabricarum,

612 3624 900 3690 Curiosus
921 3649 1133 3691 cursus
1157 3627 1391 3713 publici
1421 3627 1787 3714 proesentalis
1811 3676 1828 3711 ,
1855 3624 2096 3691 Curiosi
2124 3645 2232 3709 per
2253 3618 2627 3706 provincias,

609 3738 976 3826 Interpretes
1018 3741 1394 3809 diversarum
1439 3743 1720 3831 gentium
1744 3791 1763 3827 ‚
1802 3753 1917 3807 etc.
1949 3737 2249 3830 (Panoir.
2290 3743 2623 3798 comment.

611 3876 750 3941 pag.
808 3858 995 3922 1498.
1018 3855 1071 3945 ).

705 3967 967 4033 Comites
1012 3972 1338 4037 Sacrarum
1379 3969 1801 4056 Largitionum
1826 4015 1843 4050 ,
1894 3979 1954 4030 et
1984 3967 2223 4030 Rerum
2246 3963 2627 4027 Privatarum

613 4082 872 4151 instituit
910 4084 1346 4153 Constantinus
1382 4086 1463 4151 M.
1500 4085 1647 4168 Ille,
1689 4081 2006 4167 vectigalia
2032 4127 2049 4166 ,
2075 4080 2301 4147 tributa
2327 4127 2344 4162 ,
2368 4077 2621 4149 omnino
