3111 4829
1469 420 1497 501 (
1536 419 1656 484 414
1695 419 1722 506 )

582 547 809 619 Tiberii
852 556 1077 620 Donati
1125 556 1190 620 in
1231 555 1567 643 Virgilium
1597 605 1614 639 ,
1652 555 1938 621 Macrobii
1972 555 2038 620 iu
2075 553 2387 621 Ciceronis
2421 548 2611 616 Som-

581 671 769 731 nium
789 665 1117 756 Scipionis
1135 671 1562 735 commentarii
1584 669 1888 736 scholiave
1907 677 2252 756 supersunt.
2272 667 2348 731 ln
2369 664 2609 730 caeteris

586 780 1013 848 Grammaticis
1039 807 1111 847 ex
1130 808 1315 850 aurea
1336 795 1511 850 aetate
1530 797 1758 851 servata
1778 810 1910 873 pars
1930 788 2020 855 Va
2029 786 2221 851 tronis
2241 785 2319 850 de
2340 782 2608 874 linqua

585 893 835 961 Latina
890 898 1210 965 librorum.
1265 900 1454 965 Paulo
1509 901 1863 987 posteriores
1920 903 2197 970 Varrone
2256 897 2614 964 Rhemnius

586 1005 857 1075 Fannius
912 1011 1215 1076 Palaemon
1236 1062 1254 1096 ,
1315 1014 1496 1099 cujus
1553 1015 1669 1079 sub
1723 1016 1972 1080 nomine
2035 1012 2180 1079 Are
2237 1010 2616 1078 Gramma-

592 1126 725 1188 tiea
748 1170 775 1200 ,
827 1135 942 1189 ete.
969 1175 988 1210 ,
1034 1127 1316 1195 Valerius
1365 1128 1631 1215 probus,
1681 1129 1863 1214 cujus
1918 1129 2205 1194 feruntur
2260 1127 2616 1214 superstites

586 1242 1186 1328 qrammaticarum
1225 1246 1715 1326 institutionum
1745 1245 1888 1308 libri
1924 1229 2020 1330 11,
2065 1253 2127 1308 et
2151 1243 2409 1312 Verrius
2435 1242 2616 1307 Flac-

589 1374 700 1416 cus
725 1402 743 1436 ,
782 1353 963 1438 cujus
1004 1353 1082 1419 de
1134 1354 1209 1423 V
1204 1358 1504 1422 orborum
1531 1355 2028 1448 Siynifieatione
2077 1356 2280 1444 operis
2313 1367 2613 1442 compen-

590 1465 765 1531 dium
815 1480 1001 1534 exstat
1029 1493 1065 1535 a
1094 1471 1387 1558 Pompejo
1433 1473 1605 1537 Festo
1660 1472 1880 1537 saeculo
1915 1482 2131 1560 quarto
2180 1470 2614 1556 compositum.

588 1581 676 1644 Ex
698 1602 854 1647 aerea
878 1585 1103 1670 pariter
1124 1596 1300 1651 aetate
1320 1587 1502 1652 Nonii
1528 1577 1796 1654 Marcelli
1827 1584 2154 1650 Doctrina
2183 1583 2263 1648 de
2292 1582 2621 1670 Proprie-

593 1704 725 1757 tate
782 1691 1168 1762 Sermonum
1196 1745 1223 1775 ,
1294 1698 1608 1765 Diomedis
1673 1699 1754 1764 de
1833 1699 2148 1764 offatim
2178 1742 2203 1773 ,
2274 1697 2623 1762 Orationis

591 1805 920 1874 Partibus
960 1824 1023 1875 ee
1062 1811 1138 1881 V
1133 1816 1281 1877 ario
1307 1812 1696 1878 Poemattaem
1745 1811 1994 1877 Genera·
2031 1800 2619 1893 commentationes3

594 1919 853 1987 Charisii
896 1922 1353 1991 Imtimtionee
1406 1925 1884 1993 Grammaticos
1902 1973 1926 2004 ,
1959 1933 2021 1992 et
2065 1926 2363 1991 Prisciani
2415 1923 2622 1988 Com—

591 2040 913 2102 meretur-ii
970 2035 1459 2118 Grammatici,
1520 2042 1824 2128 prolixum
1883 2040 1961 2106 de
2017 2040 2254 2127 linguoe
2304 2039 2626 2104 elementis

594 2171 769 2235 opus.

682 2265 1063 2354 Antiquariis
1083 2269 1469 2355 potissimum
1489 2268 1877 2335 adscribendi
1901 2268 2099 2334 Aulus
2120 2255 2392 2350 Gellius3
2418 2265 2628 2330 saecnli

595 2380 888 2466 secundi,
913 2382 1093 2468 cujus
1118 2380 1357 2450 Noctes
1376 2382 1626 2450 Aeeicae
1651 2431 1675 2463 ‚
1705 2384 2072 2451 Censorinus
2096 2433 2115 2468 ‚
2160 2382 2370 2450 saeeuli
2416 2381 2581 2447 tertii
2611 2431 2629 2466 ,

596 2496 777 2580 cujus
830 2496 907 2562 de
948 2498 1078 2563 Die
1117 2496 1405 2577 Natali,
1438 2502 1823 2587 Macrobius,
1866 2501 2074 2567 saec‘u'li
2106 2499 2312 2588 quinti
2337 2548 2355 2583 ,
2406 2499 2590 2584 cujus
2616 2522 2635 2557 2

595 2623 815 2696 praeter
835 2616 1349 2681 commentarium
1396 2617 1464 2682 in
1506 2614 1848 2682 Somnium
1886 2614 2260 2705 Scipionis,
2289 2612 2634 2681 Saturna-

598 2726 840 2790 tiorum
860 2728 999 2792 libri
1026 2743 1372 2816 supersunt,
1404 2735 1585 2798 variae
1608 2732 1996 2815 eruditionis,
2022 2726 2082 2796 et
2106 2722 2423 2795 utilissima
2452 2727 2617 2791 anti-

596 2842 845 2927 quitatis
868 2841 1146 2907 studiosis
1187 2866 1390 2931 opera.
1427 2847 1537 2911 His
1571 2846 1899 2933 adjicimus
1929 2846 2223 2912 Marciani
2253 2844 2510 2932 Capellae
2545 2842 2627 2907 de

595 2952 852 3044 Septem
872 2955 1158 3022 Artibue
1182 2959 1612 3027 Liberalibus
1642 2983 1817 3049 opuS.

690 3097 841 3160 416.
889 3093 1255 3184 Indigenam
1286 3108 1347 3162 et
1369 3099 1858 3187 antiquissimam
1880 3100 2176 3166 Italorum
2200 3147 2218 3184 ‚
2257 3100 2444 3189 alque
2479 3097 2634 3167 adeo

596 3209 1020 3274 Romanorum
1047 3260 1063 3295 ‚
1096 3220 1165 3275 ut
1186 3234 1472 3277 vocamus
1499 3263 1517 3297 ,
1560 3212 2001 3302 mythologiam
2024 3215 2132 3303 qui
2156 3212 2394 3301 scriptis
2434 3224 2636 3299 expo-

598 3323 824 3407 suerit,
873 3324 967 3387 vix
1010 3325 1337 3413 quisquam
1368 3336 1745 3392 memoretur
1768 3376 1788 3412 ,
1830 3329 2045 3416 utique
2076 3350 2260 3393 nemo
2290 3334 2592 3414 superstes
2617 3351 2637 3410 3

600 3447 661 3499 et
685 3459 925 3502 necesse
948 3439 1085 3522 fuit,
1109 3441 1362 3505 confusa
1389 3440 1628 3528 pridem
1647 3441 2006 3507 Graecorum
2032 3464 2178 3508 cum
2202 3440 2639 3507 Romanorum

600 3551 899 3638 religione
942 3551 1036 3643 (§.
1076 3551 1305 3642 280.)‚
1336 3553 1560 3621 horum
1601 3554 1901 3644 mythicos
1929 3557 2138 3622 omnia
2169 3556 2298 3621 fere
2336 3578 2371 3620 e
2405 3552 2641 3619 Graecis

598 3666 877 3731 fontibus
900 3665 1150 3732 haurire
1173 3718 1190 3752 ,
1220 3680 1385 3735 certe
1428 3694 1463 3735 a
1502 3670 1734 3753 Graecis
1758 3684 1979 3757 parum
2003 3669 2367 3757 discrepare.
2403 3662 2524 3735 Sed
2567 3691 2642 3733 ex

600 3775 698 3841 his
720 3801 966 3867 quoque
996 3772 1390 3869 scriptoribus
1411 3785 1765 3850 vetustiores
1792 3786 2049 3873 periere.
2083 3772 2255 3850 Inter
2282 3791 2645 3871 superantes

602 3902 780 3956 oetate
803 3894 1039 3978 primus
1060 3895 1261 3961 Julius
1287 3890 1604 3986 Hyginus,
1636 3898 1750 3963 sub
1781 3894 2063 3987 Augusto
2087 3897 2312 3962 florens
2336 3920 2649 3985 gramma-

602 4006 764 4071 ticus
786 4057 801 4091 ‚
826 4005 1254 4075 dubitantibus
1274 4022 1460 4076 tatem
1481 4013 1710 4077 criticis
1734 4063 1750 4096 ,
1785 4035 1863 4076 an
1892 4012 2158 4097 junioris
2189 4012 2389 4097 potius
2411 3998 2647 4098 Hygini

607 4120 773 4187 illius
798 4144 1023 4191 nomen
1044 4125 1307 4192 ferentes
1326 4125 1392 4192 F
1389 4124 1747 4193 obulorum
1764 4112 1977 4192 libriet
1997 4125 2303 4192 Poeticon
2318 4123 2650 4192 Aarono-
