3111 4829
1553 422 1580 504 (
1625 421 1743 484 424
1783 421 1811 503 )

1434 646 1914 693 msnnxrnoxms,

744 816 892 880 425.
942 813 1418 900 Inscriptionum
1450 835 1523 877 ex
1554 813 1920 899 antiquitate
1948 811 2230 878 Romana
2250 859 2268 896 ,
2315 834 2584 900 quarum
2615 815 2689 882 in

652 928 924 994 aedificiis
947 980 963 1013 ‚
992 929 1361 1016 sepulchriS,
1392 929 1510 993 aris
1535 977 1550 1010 ‚
1585 928 1794 991 statuis
1815 977 1831 1010 ‚
1858 938 1972 992 etc.
2009 927 2274 991 solennis
2306 939 2368 992 et
2392 930 2690 1015 frequens

653 1064 835 1126 usus,
869 1043 1172 1130 hodie'que
1206 1043 1509 1107 immensa
1537 1042 1710 1128 copia
1743 1040 2056 1132 (lapideS,
2087 1065 2220 1106 saxa
2245 1091 2262 1124 ,
2299 1040 2690 1130 marmora),

653 1166 715 1218 et
744 1179 878 1240 pars
900 1179 1023 1220 non
1051 1157 1268 1242 exigua
1292 1206 1309 1239 ,
1332 1158 1397 1220 in
1423 1157 1620 1243 iisque
1647 1157 1908 1219 maxime
1932 1155 2392 1239 memorabiles,
2416 1178 2453 1220 a
2474 1157 2693 1220 multis

652 1271 1004 1335 auctoribus
1025 1321 1041 1354 ‚
1068 1272 1229 1336 inter
1250 1294 1400 1358 quos
1423 1271 1727 1336 Gruterus
1746 1319 1763 1352 ,
1790 1269 2028 1332 Donius
2049 1317 2066 1350 ,
2089 1269 2410 1352 Muratori,
2437 1268 2686 1354 Marini,

653 1394 760 1446 aut
789 1385 1047 1470 vulgatae
1083 1396 1364 1468 tantum,
1412 1396 1517 1448 aut
1558 1384 1968 1468 interpretatae
2009 1381 2196 1445 etiam
2237 1383 2688 1468 inveniuntur3

653 1518 770 1561 nec
811 1519 988 1584 parva
1019 1522 1231 1564 earum
1261 1511 1348 1564 est
1378 1499 1667 1563 litteraria
1689 1547 1706 1580 ,
1741 1497 1862 1561 sive
1888 1497 2229 1561 vetustioris
2270 1497 2503 1583 linguae
2547 1498 2677 1562 sive

655 1613 791 1698 styli
822 1611 1186 1702 (lapidaris)
1212 1663 1229 1697 ‚
1260 1625 1319 1677 et
1348 1614 1542 1676 multo
1576 1610 1772 1694 major
1802 1609 1880 1675 ad
1907 1610 2356 1694 rempublicam
2383 1660 2400 1694 ‚
2432 1611 2693 1697 religio-

652 1746 796 1788 nem
817 1773 835 1808 ,
885 1747 1208 1812 moresque
1256 1725 1610 1789 illustranda
1665 1725 1916 1790 utilitas.
1966 1722 2063 1787 Ad
2113 1723 2691 1809 interpretationem

651 1859 792 1901 vero
836 1839 1306 1924 inscriptionum
1337 1850 1397 1902 et
1425 1839 1709 1902 criticum
1740 1857 1924 1902 usum
1964 1858 2109 1901 cum
2137 1838 2435 1901 sermonis
2477 1839 2692 1924 scrip-

650 1959 804 2030 turae
828 1941 1097 2035 cognitio
1123 1950 1477 2036 requiritur.
1507 1949 1712 2033 Hujus
1742 1947 2069 2012 difficultas
2099 1950 2319 2033 partim
2350 1950 2416 2012 in
2443 1950 2691 2014 littera-

651 2083 792 2124 rum
822 2061 1071 2148 figuris,
1098 2061 1318 2147 partim
1351 2062 1418 2124 in
1445 2041 1882 2124 vocabulorum
1907 2058 2290 2144 compendiis
2313 2058 2410 2149 (§.
2442 2064 2592 2125 422.
2615 2057 2643 2148 )
2664 2083 2689 2127 t

655 2195 795 2259 quae
825 2185 1123 2256 tenentes,
1150 2174 1217 2236 in
1247 2174 1505 2259 singulis
1537 2172 1751 2235 litteris
1778 2183 1886 2236 aut
1912 2174 2315 2258 praenomina,
2345 2174 2511 2262 quod
2543 2178 2697 2241 vul-

654 2309 799 2373 gare
818 2335 836 2369 ,
865 2297 973 2350 aut
1019 2285 1491 2372 magistratuum
1542 2284 2010 2372 honorumque,
2058 2298 2167 2353 aut
2211 2288 2360 2353 alias
2410 2292 2693 2359 solennia

657 2400 952 2465 voeabula
1019 2400 1436 2487 formulasque
1492 2398 1898 2487 intelligimus
1922 2451 1940 2486 ,
1988 2412 2095 2467 aut
2159 2403 2409 2468 omissas
2457 2404 2695 2472 litteras

655 2512 1045 2596 supplemus,
1070 2521 1177 2574 aut
1204 2532 1330 2575 una
1358 2510 1561 2596 figura
1585 2513 1867 2576 confusas
1895 2514 2171 2578 eruimus
2189 2563 2206 2598 ‚
2229 2517 2502 2605 aliasque
2524 2517 2697 2602 ejus-

654 2624 824 2687 modi
856 2624 1135 2688 lectionis
1170 2623 1559 2690 difficultates
1601 2626 2037 2713 profligamus3
2079 2628 2157 2693 de
2191 2630 2423 2716 quibus
2450 2642 2692 2697 exstant

655 2735 933 2822 plurium
961 2748 1287 2802 auctorum
1330 2737 1548 2803 libelli.
1576 2739 1702 2803 Nos
1726 2787 1743 2822 ‚
1774 2752 1992 2805 caetera
2034 2741 2345 2808 mittentes
2366 2792 2384 2828 ,
2425 2746 2700 2830 exempli

657 2866 838 2912 causa
885 2871 1060 2914 voces
1101 2849 1397 2936 quasdam
1440 2862 1502 2915 et
1547 2850 1795 2937 phrases
1840 2852 2279 2918 vocabulorum
2326 2855 2519 2933 initiis
2568 2879 2701 2921 ex—

659 2983 890 3049 pressas
914 2961 1281 3045 subjicimus
1313 2960 1397 3049 1).
1424 2964 1498 3026 In
1523 2963 1782 3049 singulis
1805 2965 2115 3030 vocabulis
2135 2968 2209 3033 A.
2237 2968 2485 3036 denotat
2508 2984 2698 3049 ante,

663 3099 875 3152 anno,
908 3076 1163 3141 absolvo
1190 3074 1289 3166 (§.
1325 3072 1566 3165 277.)‚
1609 3075 2001 3168 Auquetue,
2033 3080 2110 3146 A.
2141 3080 2218 3148 Δ.
2257 3083 2601 3174 Auqueti,
2631 3099 2702 3153 et

657 3190 820 3256 inter
868 3192 1248 3277 praenomina
1282 3189 1508 3256 Aulus
1530 3238 1552 3266 ‚
1586 3191 1657 3256 B.
1710 3192 1867 3257 hene
1886 3240 1911 3270 ,
1954 3194 2183 3259 beatus
2206 3243 2226 3271 ‚
2269 3195 2535 3265 Balbus
2552 3246 2581 3277 ,
2615 3202 2695 3269 G.

659 3310 849 3382 einis,
879 3309 1148 3394 eon-jem,
1177 3306 1429 3381 cohors,
1459 3308 1780 3383 centurio,
1809 3306 2160 3372 condemno
2185 3305 2283 3399 (§.
2315 3307 2520 3400 277.)‚
2552 3312 2699 3379 Ca-

638 3424 768 3510 jm
788 3468 809 3496 ,
841 3424 918 3488 Ι).
960 3421 1276 3495 decuria,
1320 3418 1547 3483 domus
1567 3465 1592 3495 ,
1639 3418 1824 3483 dedic
1840 3465 1864 3495 ,
1895 3419 2141 3485 Decius
2161 3445 2189 3499 ,-
2238 3422 2307 3485 in
2339 3424 2701 3509 conjunctis

657 3535 733 3600 A.
770 3535 836 3600 P.
865 3533 1152 3599 aedilitia
1169 3544 1493 3620 potestas,
1517 3533 1587 3598 T.
1613 3534 1683 3598 P.
1711 3533 2062 3599 tribunitia
2080 3547 2405 3622 potestas,
2435 3539 2510 3604 A.
2535 3542 2600 3607 S.
2626 3544 2700 3611 S.

658 3675 703 3716 a
726 3653 944 3715 saeris
968 3650 1245 3714 seriniis
1271 3645 1367 3737 (v.
1391 3646 1453 3730 ς.
1484 3650 1635 3713 235.
1655 3644 1715 3736 ),
1741 3651 1816 3715 Ι).
1849 3651 1925 3715 Ι).
1953 3648 2116 3714 dono
2135 3651 2320 3716 dedic
2335 3698 2360 3729 ,
2387 3654 2524 3720 AR.
2551 3658 2697 3724 DI).

658 3787 856 3828 aram
905 3762 1283 3837 dedicavit,
1340 3760 1409 3825 C.
1466 3760 1535 3827 C.
1578 3763 1641 3826 S.
1688 3774 1998 3826 curatum
2045 3770 2377 3829 communi
2417 3780 2646 3833 sumtu
2672 3817 2696 3846 ,

661 3877 731 3940 C.
764 3878 829 3941 F.
866 3875 1027 3965 Caji
1057 3876 1246 3964 filius
1265 3922 1290 3952 ,
1329 3877 1689 3940 carissima
1721 3877 2034 3964 faemina,
2063 3878 2124 3941 S.
2155 3877 2225 3942 C.
2263 3891 2701 3947 senatuscon-

660 3991 949 4065 sultum,
987 3991 1061 4055 U.
1114 3992 1193 4054 R.
1227 3993 1327 4054 uti
1364 4013 1563 4078 roqas
1602 3988 1696 4077 (v.
1743 3992 1801 4074 §.
1843 3991 1990 4055 165.
2021 3985 2048 4075 )
2075 4038 2092 4071 ,
2122 3987 2197 4053 Δ.
2245 3990 2312 4059 L.
2354 3992 2420 4058 F.
2466 3999 2702 4062 animo

661 4099 929 4191 (amieo)
968 4102 1193 4166 lubens
1222 4104 1385 4189 ficit
1398 4148 1423 4178 ,
1456 4103 1582 4166 AN.
1614 4102 1692 4167 V.
1727 4102 1794 4167 P.
1827 4103 1907 4167 M.
1941 4124 2150 4167 armoe
2177 4105 2527 4192 vixitplue
2562 4113 2702 4174 mi-
