3111 4829
393 527 474 593 ih,
493 528 626 578 Pers.
645 528 708 592 5,
731 524 825 591 82,
847 527 954 577 Liv.
992 525 1093 590 50,
1116 524 1200 589 45,
1222 523 1314 589 45,
1345 522 1411 574 44
1443 529 1568 574 extr.
1590 523 1757 587 Suet„
1791 522 1927 573 Nero
1960 522 2056 587 57,
2088 529 2381 590 tantumque

394 619 849 685 gaudiumpublico
861 616 1088 682 proebuit
1102 614 1122 680 (
1134 630 1263 663 mors
1278 613 1514 680 Neronis)
1533 650 1550 677 ,
1587 619 1648 662 ut
1659 612 1800 678 plebs
1812 614 2002 678 pilenta
2022 621 2122 664 tota
2137 614 2257 663 urbe
2277 618 2381 667 dis-

395 715 634 758 current.
658 708 771 757 Sen.
786 743 805 772 ‚
825 705 936 769 Ep.
957 702 1052 768 47,
1073 705 1205 753 dicet
1220 718 1359 752 nunc
1379 698 1596 765 aliquis,
1620 717 1699 749 me
1718 716 1889 750 vocare
1909 703 1978 749 ad
1991 703 2183 764 pileum
2202 720 2383 755 omos.

398 824 461 835 —
477 797 531 862 5)
554 796 625 845 De
644 801 854 859 utroque
874 793 942 842 cf.
963 793 1134 842 Stuok.
1150 794 1358 856 Anin'qq.
1378 791 1635 841 Conviva&
1651 804 1764 854 pag.
1781 789 1895 839 562.
1931 790 2100 854 ibique
2136 792 2236 842 loo.
2266 794 2388 842 Ter-

395 885 507 935 tun.
530 886 591 933 do
610 890 871 933 resurrect.
895 884 1084 931 car-mh.
1103 908 1165 918 -
1180 880 1233 943 4)
1258 880 1334 927 Cf.
1352 879 1489 927 Pers.
1512 878 1623 929 Sat.
1651 878 1683 927 5
1702 913 1718 941 ,
1740 877 1836 942 77,
1865 878 2025 927 Juven
2045 876 2158 929 Sat.
2193 882 2253 945 5,
2276 882 2388 932 125.

397 1002 458 1013 -
477 974 530 1039 5)
549 974 612 1023 V.
633 973 764 1021 Plin.
787 972 848 1020 H
865 970 939 1021 N.
962 970 1056 1033 55,
1079 970 1128 1020 1.
1148 969 1313 1032 Quint.
1338 968 1362 1018 1
1385 1005 1403 1032 ,
1425 968 1458 1019 4
1475 1004 1492 1034 ‚
1513 967 1609 1017 162
1629 967 1711 1016 ed.
1749 967 1954 1032 eapper.
1973 995 2034 1040 5-
2060 969 2111 1034 6)
2134 970 2211 1020 Cf.
2248 972 2391 1022 Mart.

397 1063 423 1113 1
442 1061 567 1127 ,50,
586 1061 681 1126 24,
704 1059 858 1125 5,1,
880 1059 932 1109 6.
952 1059 1084 1125 -7)
1108 1059 1184 1107 cf.
1208 1060 1322 1108 Ter.
1341 1057 1494 1108 Eun.
1511 1057 1574 1122 5,
1593 1057 1658 1123 5,
1680 1057 1774 1120 55,
1806 1057 1909 1107 Cic.
1932 1058 2117 1108 inpie.
2144 1058 2168 1108 1
2191 1097 2207 1125 ,
2230 1061 2391 1112 Plaut.

401 1149 976 1218 cape.8,5,oo.-8)
999 1149 1064 1200 V.
1086 1148 1291 1198 Panda.
1314 1147 1371 1197 21
1393 1183 1411 1211 ‚
1435 1145 1461 1196 1
1484 1146 1621 1212 ,65,
1658 1143 1704 1215 §.
1731 1147 1798 1211 2,
1825 1148 1939 1197 Ter.
1959 1151 2394 1218 Andr.2‚o,2o.

489 1295 596 1360 63.
641 1295 735 1358 De
782 1288 1003 1355 effectu
1055 1299 1262 1353 autem
1304 1285 1798 1350 manumissionis
1836 1285 2095 1353 obscura
2136 1300 2226 1352 est
2269 1312 2396 1356 non

399 1426 524 1469 uno
567 1403 819 1468 nomine
861 1401 1151 1490 quaesti03
1193 1396 1350 1463 illud
1380 1408 1600 1475 tamen,
1634 1407 1870 1467 certum
1891 1446 1910 1480 ‚
1954 1398 2117 1480 justa
2159 1423 2397 1469 manu..

399 1517 612 1582 missos
648 1538 776 1580 non
812 1516 1006 1578 solum
1035 1511 1270 1576 domini
1299 1519 1586 1596 potestate
1627 1520 1689 1573 et
1718 1509 2016 1574 serviendi
2035 1514 2400 1595 ‘necessitate

406 1638 669 1693 exemlos
688 1676 707 1710 ‚
736 1624 841 1690 sed
872 1625 1093 1718 simul,
1131 1644 1268 1709 quae
1292 1621 1457 1706 justa
1486 1622 1729 1685 libertas
1757 1620 1981 1686 dicitur
2015 1619 2079 1710 1)
2105 1672 2122 1706 ,
2149 1626 2403 1692 civitatis

397 1740 545 1824 jura
583 1748 933 1803 consecutos
970 1758 1096 1800 esse
1126 1718 1225 1822 2),
1247 1756 1373 1798 non
1420 1744 1625 1798 tamen
1671 1732 1810 1798 ideo
1848 1733 2136 1820 ingenuis
2174 1737 2403 1802 eondi-

400 1851 568 1915 tione
594 1871 838 1936 prorsus
866 1858 1131 1934 aequatos
1161 1844 1260 1934 3);
1288 1867 1411 1931 quo
1439 1843 1808 1909 trahendum
1835 1845 2247 1932 ingenuorum
2300 1850 2405 1933 jus

401 1972 463 2025 et
497 1962 642 2025 alias
667 1959 999 2042 libertinis,
1054 1968 1116 2021 et
1142 1980 1178 2023 a
1239 1956 1584 2031 Iustiniano
1620 1955 1873 2020 demum
1932 1959 2218 2024 omnibus
2250 1982 2404 2025 con-

405 2095 642 2138 cessum
676 2068 764 2160 4).

493 2185 697 2248 Minus
729 2184 892 2268 justa
923 2180 1317 2243 manumissio
1340 2224 1358 2259 ‚
1389 2176 1616 2261 quippe
1660 2196 1847 2260 quam
1887 2179 1979 2241 lex
2024 2201 2149 2243 non
2177 2204 2410 2269 agnos-

408 2306 572 2363 ceret
592 2344 611 2378 ‚
667 2294 820 2357 servi
863 2290 1276 2355 conditionem
1315 2287 1559 2351 civilem
1605 2284 1757 2349 adeo
1801 2308 1926 2351 non
1980 2293 2290 2381 mutabat,
2335 2312 2404 2364 ut

407 2410 696 2476 liberatos
730 2404 970 2470 servitio
998 2402 1201 2469 denuo
1235 2400 1536 2484 subjicere
1576 2397 1823 2464 domino
1866 2400 2076 2470 liceret
2119 2407 2228 2497 5),
2259 2414 2403 2497 qui-

407 2516 671 2586 busdam
701 2527 903 2580 tamen
945 2514 1012 2578 in
1050 2512 1284 2578 casibus
1319 2511 1610 2597 paulatim
1649 2534 1927 2579 ooncesso
1949 2564 1967 2599 ‚
2004 2528 2073 2581 ut
2109 2523 2403 2591 auxilium

410 2630 689 2698 Praetoris
722 2628 1159 2713 implorarent,
1188 2647 1313 2690 non
1355 2646 1427 2688 eo
1469 2624 1708 2708 minus,
1751 2638 2049 2711 quantum
2090 2632 2364 2726 intelligo
2388 2689 2406 2722 ,

414 2767 452 2809 a
485 2742 650 2827 justa
683 2738 961 2804 libertate
1000 2737 1226 2802 exclusi
1254 2745 1569 2800 manentes
1600 2732 1690 2824 6).
1730 2737 1861 2802 Sub
1888 2739 2129 2809 Tiberio
2157 2745 2409 2815 demum

417 2857 554 2940 lege
595 2850 759 2916 Julia
794 2849 1078 2915 Norbana
1117 2848 1198 2938 (a.
1231 2843 1414 2935 771.)
1463 2870 1591 2912 non
1630 2848 1798 2933 justo
1830 2852 2014 2920 modo
2055 2863 2414 2928 manumissi

418 2965 615 3031 Latini
643 2963 670 3054 (
680 2964 741 3048 5.
778 2960 955 3052 120.)
985 2962 1161 3045 facti,
1191 2971 1250 3025 et
1282 2961 1361 3025 ab
1390 2960 1606 3026 eadem
1624 2962 1764 3050 lege
1805 2965 2002 3032 Latini
2023 2970 2276 3037 Iuniani
2310 2976 2417 3039 ad-

420 3079 624 3165 pellati
656 3088 834 3160 sunt,
863 3097 1309 3162 nonnunquam
1351 3074 1613 3140 vindicta
1638 3125 1659 3160 ,
1692 3089 1799 3141 aut
1827 3081 2126 3167 Principis
2164 3084 2251 3174 (5.
2274 3085 2415 3173 70.)

423 3189 719 3255 beneficio
748 3185 852 3277 7),
879 3199 987 3279 aut
1011 3187 1147 3253 aliis
1179 3188 1428 3271 insuper
1455 3186 1652 3252 modis
1666 3187 1898 3273 justam
1935 3191 2276 3262 libertatem
2318 3221 2417 3264 as—

421 3301 611 3368 secuti
633 3299 724 3390 8).

492 3462 545 3528 1)
577 3462 712 3512 Suet.
743 3457 1191 3526 AaqdffiSmoe
1219 3468 1599 3512 memmius
1616 3463 1790 3513 multis
1818 3465 2243 3529 difficultatibuaea
2275 3471 2422 3521 Iiber-

428 3558 529 3600 taoe
547 3557 596 3599 ot
612 3548 769 3598 multo
781 3547 1022 3612 pluribus
1041 3565 1076 3598 a
1095 3544 1465 3611 mmmet'a
1480 3553 1741 3600 removisse
1757 3586 1776 3615 ,
1799 3558 1899 3601 etc.
1917 3580 1975 3590 —
1993 3554 2046 3618 Ξ)
2068 3554 2130 3602 V.
2146 3554 2290 3605 Hein.
2309 3557 2333 3607 1
2356 3594 2372 3622 ,
2391 3559 2423 3610 4

432 3639 548 3702 ets,
572 3636 653 3687 10.
671 3637 746 3686 Cf.
767 3636 968 3703 Dionys.
989 3635 1023 3687 4
1039 3672 1057 3700 ‚
1076 3636 1158 3686 22.
1181 3636 1285 3686 Cic.
1299 3654 1358 3701 p.
1382 3637 1533 3688 Com.
1557 3639 1714 3689 Balbo
1741 3639 1775 3688 9
1788 3674 1808 3705 ,
1843 3640 2021 3691 Servos
2034 3644 2246 3708 denique
2260 3679 2279 3709 ,
2298 3662 2423 3711 qao-

431 3724 1678 3790 nnvie,somnaetcondilioinfimm,bm
1705 3729 1769 3776 do
1804 3729 2060 3791 republica
2079 3734 2311 3799 mer-iton,
2332 3754 2425 3799 por

430 3826 561 3878 sepo
585 3813 832 3876 mertun,
857 3815 1036 3877 ἰάσει,
1058 3814 1288 3878 civitate,
1306 3813 1507 3877 publico
1527 3816 1714 3864 donari
1729 3816 2034 3865 videbamus.
2053 3818 2181 3884 -5)
2210 3821 2284 3870 Cf.
2317 3824 2421 3873 Liv.

428 3895 520 3964 ⁴⁵,
546 3898 627 3951 1⁴.
651 3898 715 3947 V.
736 3898 906 3949 Creuz.
928 3897 973 3968 §.
1000 3899 1083 3950 51.
1106 3901 1247 3951 Nieb.
1278 3917 1328 3949 v.
1360 3901 1408 3951 1.
1441 3916 1495 3967 p.
1525 3900 1641 3950 587.
1664 3917 1774 3966 sqq.
1795 3903 1925 3968 —4)
1959 3904 2019 3953 V.
2054 3905 2172 3956 Cod.
2202 3909 2421 3974 Just.7‚

431 3986 467 4035 5
484 4025 499 4048 ,
523 3986 573 4037 6.
596 3987 673 4037 Cf.
697 3988 814 4036 Gori
831 4025 849 4053 ‚
875 3990 1099 4040 Columb.
1123 4008 1235 4056 pog-
1257 3990 1321 4039 80
1338 4027 1355 4056 ,
1377 3991 1538 4042 81.-
1555 3993 1610 4058 5)
1629 3992 1702 4041 cf.
1727 3995 1846 4043 Tae.
1869 3997 2009 4044 Anu.
2044 3996 2138 4062 15,
2162 3999 2252 4060 26,
2278 4000 2358 4048 27.
2381 4002 2424 4047 V

433 4074 574 4138 Ilugo
593 4113 608 4138 ,
643 4075 726 4126 ed.
760 4075 811 4124 6.
846 4093 898 4140 p.
930 4076 1043 4127 515.
1063 4107 1124 4117 -
1143 4081 1196 4144 6)
1230 4078 1332 4144 an.
1357 4080 1380 4130 1
1403 4117 1420 4146 ,
1460 4080 1558 4148 22,
1579 4082 1754 4134 latinos
1781 4084 2008 4150 juniunos
2029 4085 2291 4150 adpellata:
2319 4090 2387 4136 nit
2407 4123 2423 4150 ,
