3111 4829
1525 424 1550 501 (
1595 423 1713 485 420
1756 421 1780 497 )

636 573 705 626 ut
750 559 1014 639 Graecis,
1060 555 1335 641 duplices
1382 566 1786 618 consonantes
1837 551 2003 639 (CS‚
2052 552 2230 641 DS);
2277 552 2333 617 Y
2388 550 2675 616 medium

640 675 802 738 inter
832 674 884 736 U
904 682 962 734 et
983 672 1043 753 13
1073 671 1131 738 V
1155 680 1217 734 et
1234 669 1535 733 vocalium
1554 717 1573 750 ‚
1602 679 1672 731 ut
1696 669 1935 750 volunt,
1964 669 1992 731 1
2018 679 2075 730 et
2099 668 2155 731 Ο
2176 716 2193 749 ,
2224 677 2286 731 et
2310 666 2677 730 Graecorum

658 785 1046 871 digammatis
1068 785 1264 846 vicem
1292 781 1601 867 praestitit‚
1635 782 1815 865 cujus
1846 783 1970 847 vim
1993 793 2054 845 et
2074 792 2370 846 mutatam
2407 780 2682 865 figuram

654 900 843 966 habet
875 901 942 964 F.
976 897 1245 979 Quidam
1265 945 1282 978 ,
1314 898 1377 960 R
1411 917 1659 982 quoque
1692 906 1751 958 et
1786 895 1842 976 Q
1877 896 2191 960 accessisse
2211 943 2228 976 ,
2260 892 2481 957 docent
2503 942 2520 977 ‚
2556 893 2685 956 sive

639 1037 798 1080 novo
829 1035 974 1077 sono
1008 1010 1399 1098 exprimendo
1419 1057 1438 1092 ,
1469 1011 1590 1073 sive
1621 1011 1685 1074 R
1714 1009 1790 1073 ad
1827 1011 1904 1094 S,
1937 1010 1995 1092 Q
2024 1007 2102 1074 ad
2131 1008 2208 1090 G,
2237 1006 2479 1072 duobus
2518 1004 2685 1070 sonis

653 1128 802 1192 olim
824 1148 947 1191 nna
968 1127 1165 1189 littera
1189 1125 1476 1210 expressis
1501 1122 1587 1209 1).
1615 1121 2131 1209 orthographiam
2154 1123 2293 1205 diu,
2319 1143 2436 1186 nec
2455 1141 2683 1206 parum

655 1239 915 1304 variasse
937 1287 954 1320 ,
989 1248 1056 1302 et
1086 1236 1237 1301 hinc
1278 1237 1586 1321 intelligas
1606 1285 1623 1319 ,
1665 1245 1726 1299 et
1762 1257 2099 1300 numerum
2127 1235 2516 1320 aliorumque
2540 1255 2683 1298 mo-

647 1360 1093 1416 numentorum
1127 1352 1226 1413 vel
1271 1349 1479 1413 saeculi
1522 1349 1669 1412 sexti
1713 1349 2138 1434 inscriptiones
2178 1369 2326 1412 cum
2357 1348 2423 1410 in
2454 1347 2585 1411 aliis
2610 1344 2685 1410 id

650 1464 1003 1547 declarant,
1046 1474 1179 1527 tum
1224 1463 1460 1528 omissis
1492 1462 1749 1546 litteris,
1781 1484 1919 1549 qum
1950 1474 2083 1549 post
2111 1462 2333 1526 iisdem
2371 1463 2437 1525 in
2478 1459 2684 1524 verbis

650 1577 908 1664 adjectae
925 1627 943 1662 ‚
969 1589 1078 1644 aut
1099 1576 1352 1660 additis,
1375 1599 1514 1664 quae
1541 1589 1670 1665 post
1692 1579 1955 1661 omissae,
1986 1577 2249 1663 quippe,
2282 1587 2353 1640 ut
2373 1575 2686 1658 conjicere

651 1693 833 1774 licet,
862 1714 988 1758 non
1020 1691 1447 1776 pronuntiatas.
1474 1692 1568 1756 Ac
1588 1714 1729 1756 vero
1762 1692 2104 1777 proximum
2131 1702 2251 1774 est,
2281 1699 2688 1784 consonantes

653 1804 948 1892 quasdam
973 1851 991 1886 ,
1032 1803 1101 1867 in
1140 1814 1406 1868 extrema
1438 1825 1584 1868 voce
1607 1852 1624 1886 ‚
1655 1805 1765 1868 etsi
1803 1826 2125 1889 nunquam
2148 1804 2395 1867 omissas
2417 1851 2434 1886 ‚
2473 1813 2688 1866 tamen

652 1917 842 2002 vulgo
892 1915 1278 2000 pronuntiari
1340 1913 1625 1998 desiisse3
1678 1936 1817 2001 quae
1869 1938 1962 1979 res
2016 1937 2143 1979 non
2198 1917 2395 1980 levem
2442 1915 2568 1978 vim
2612 1915 2690 1979 in

609 2111 615 2128 t
657 2028 1085 2094 constituenda
1107 2028 1476 2115 syllabarum
1496 2029 1837 2115 quantitate
1861 2027 2147 2093 habuisse
2170 2028 2431 2093 videtur.

649 2193 655 2204 .,
749 2141 1054 2207 Caeterum
1088 2140 1320 2225 species
1362 2140 1741 2225 litterarum,
1780 2151 2083 2229 quatenus
2122 2140 2584 2227 inscriptiones,
2625 2152 2695 2206 et

658 2257 886 2324 certius
929 2254 1321 2319 vetustissimi
1369 2253 1610 2320 codices
1651 2266 1994 2341 testantur,
2040 2278 2112 2322 ea
2155 2259 2286 2322 fere
2331 2267 2462 2321 erat
2485 2306 2503 2341 ‚
2548 2277 2694 2343 quae

648 2369 853 2441 ‚hodie
877 2370 948 2436 in
984 2369 1323 2453 majoribus
1346 2367 1935 2460 (litteroe‘unciales)
1960 2382 2268 2455 servatur,
2302 2369 2519 2436 dubito
2536 2419 2553 2454 ‚
2581 2392 2696 2457 per

663 2483 1028 2551 mediumne
1062 2482 1314 2549 demum
1356 2503 1594 2568 oevum,
1631 2506 1712 2549 an
1754 2470 1954 2550 multo
1981 2496 2123 2550 ante
2161 2486 2227 2549 in
2257 2484 2708 2550 commodiores

666 2598 887 2664 calami
918 2598 1215 2663 celeritati
1241 2599 1466 2662 formas
1497 2610 1804 2685 corrupta.
1845 2599 2094 2665 Diversa
2123 2610 2212 2665 est
2241 2600 2347 2663 illa
2373 2598 2695 2664 breviandi
2791 2668 2804 2681 ‚

658 2709 815 2775 ratio
838 2755 856 2791 ,
905 2706 1011 2772 cui
1061 2707 1159 2773 vel
1203 2719 1345 2772 ante
1390 2708 1699 2773 Ciceronis
1742 2721 1981 2776 oetatem
2032 2708 2115 2798 2)
2159 2711 2368 2796 signa,
2410 2708 2656 2796 syllabis
2676 2758 2697 2795 ,

656 2832 769 2890 aut
826 2840 983 2905 saepe
1033 2820 1490 2889 recurrentibus
1533 2822 1771 2906 verbis,
1822 2835 1931 2887 aut
1976 2820 2296 2909 phrasibus
2350 2822 2534 2888 etiam
2585 2823 2700 2887 in-

663 2933 975 3018 dicandis,
1018 2933 1263 2998 inventa
1308 2945 1748 3020 esseconstat3
1792 2959 1914 3025 quo
1953 2936 2252 3003 trahenda
2284 2948 2484 3021 notae,
2522 2936 2700 3022 siglae

662 3048 757 3145 (ς.
792 3043 1016 3134 235.),
1040 3047 1435 3135 alphabetum
1465 3051 1901 3135 Tironianum‚
1932 3065 2091 3118 notae
2112 3053 2402 3137 Senecae,
2433 3053 2698 3139 notarii,

664 3162 1018 3244 ταχυγμέφοι
1043 3161 1131 3250 3).
1166 3165 1292 3230 Nec
1337 3164 1544 3230 minus
1593 3166 1810 3234 usitata
1837 3166 2102 3252 vulgaris
2131 3166 2452 3234 breviandi
2485 3167 2642 3233 ratio
2682 3206 2701 3241 2

668 3273 849 3342 initia
873 3284 1112 3341 tantum
1132 3287 1239 3342 aut
1263 3278 1598 3365 praecipuas
1619 3280 1846 3345 litteras
1876 3279 2165 3345 exhibens
2198 3279 2223 3370 (
2238 3279 2299 3363 §.
2338 3277 2530 3371 425.)

724 3482 781 3548 1)
821 3483 891 3531 De
923 3482 1101 3532 litteris
1136 3500 1165 3531 a
1203 3483 1405 3533 Claudio
1435 3486 1667 3552 adjectis,
1691 3503 1785 3535 nec
1806 3491 1916 3552 post
1938 3487 2141 3536 retentis
2159 3524 2175 3549 ‚
2201 3503 2250 3535 v.
2274 3487 2395 3535 Tac.
2421 3488 2565 3536 Anu.
2589 3488 2648 3538 11
2676 3525 2694 3552 ,

668 3572 761 3636 14,
783 3574 890 3641 ibiq
906 3578 1075 3622 notum
1097 3574 1266 3638 Lipsii.
1288 3603 1346 3612 —
1371 3575 1421 3640 2)
1446 3576 1520 3624 Cs-
1546 3577 1650 3625 Cic.
1682 3577 1753 3625 ad
1771 3578 1877 3626 Aee.
1912 3576 2001 3639 11,
2033 3576 2085 3630 9,
2120 3576 2195 3623 cf.
2235 3575 2438 3639 Pignor.
2463 3578 2523 3628 de
2549 3576 2701 3627 Serv.

672 3692 725 3741 p.
745 3678 871 3742 218,
897 3678 1185 3745 Gregorium
1218 3680 1278 3726 de
1309 3679 1563 3727 scribendi
1590 3697 1766 3743 qenere
1804 3666 1901 3728 elci
1933 3666 2160 3744 σημείων
2193 3673 2237 3743 §.
2258 3677 2309 3727 3.
2334 3694 2477 3741 sqq.²
2502 3679 2554 3725 in
2580 3682 2701 3728 Act.

679 3775 849 3819 societ.
888 3774 977 3822 lat.
1001 3773 1209 3822 leuem.
1231 3788 1282 3821 v.
1315 3773 1366 3821 2.
1406 3789 1457 3837 p.
1491 3773 1604 3823 106.
1627 3802 1688 3812 -
1713 3773 1764 3838 ὅ)
1784 3774 1859 3823 Ci'.
1885 3774 1998 3822 Sen.
2024 3772 2135 3837 Ep.
2160 3772 2252 3835 90,
2278 3774 2409 3836 qued
2435 3773 2704 3822 verboram

679 3866 856 3921 nolas,
892 3861 1079 3924 quibus
1109 3864 1341 3925 quamvis
1366 3865 1521 3911 citata
1558 3865 1811 3927 excipitur
1845 3865 2006 3915 oracio
2034 3898 2050 3926 ,
2092 3868 2142 3909 et
2174 3860 2475 3910 celeritatem
2509 3862 2710 3925 linqua

669 3962 859 3996 manus
911 3954 1182 4012 sequitur?
1227 3951 1608 4004 Vilissimorum
1663 3955 2039 4016 mancipiorum
2089 3954 2189 4001 ista
2235 3957 2516 4001 commenta
2561 3959 2708 4000 sune.

666 4030 810 4082 Har-t.
837 4035 899 4083 14
917 4073 934 4101 ,
957 4037 1052 4086 208
1068 4076 1084 4103 ,
1126 4040 1348 4089 Currant
1374 4041 1519 4090 verba
1550 4043 1663 4090 licet
1678 4078 1695 4108 ‚
1729 4058 1915 4094 manus
1944 4047 2019 4091 est
2046 4040 2261 4090 velocior
2280 4040 2387 4091 iuis
2404 4056 2426 4089 .-
2453 4040 2708 4095 Nondum

673 4124 865 4190 linqua
886 4141 1069 4192 suum,
1094 4129 1477 4194 dextr-apereqn’e
1497 4145 1647 4194 opus.
