3111 4829
1242 399 1267 482 (
1309 400 1380 460 51
1426 398 1455 480 )

352 538 621 593 veterum
669 528 898 593 notitiis
920 576 938 612 ,
990 548 1115 592 non
1158 548 1375 613 parum
1417 526 1871 615 dissentientes,
1919 532 2300 617 collegerunt
2316 581 2339 617 ,

350 641 510 705 inter
534 662 686 727 quos
729 638 928 706 Adam
948 639 1013 703 in
1035 638 1206 704 hunc
1226 640 1354 705 fere
1377 638 1656 705 modum.
1696 642 1952 707 Servum
1974 642 2341 707 liberaturus

347 751 635 817 dominus
664 801 683 836 ,
758 773 962 817 coram
1028 753 1291 817 Pratore
1352 763 1461 818 aut
1527 753 1791 820 Consule
1814 804 1832 840 ,
1882 757 1948 821 in
2018 757 2342 841 provinciis

347 886 553 930 coram
598 866 960 930 Proconsule
989 874 1098 929 aut
1148 865 1518 950 Propraetore
1560 865 1589 955 (
1633 889 1688 932 v.
1724 866 1768 950 ς
1789 870 1938 934 244.
1986 865 2015 955 )
2058 891 2338 955 pronun-

342 979 577 1045 tiabat:
645 980 819 1044 huno
883 978 1206 1042 hominem
1256 977 1531 1043 liberum
1602 1000 1736 1042 esee
1805 980 1942 1044 volo
1999 1003 2176 1045 moro
2235 984 2342 1047 vel

324 1092 492 1177 jure
534 1090 919 1178 Quiritium.
965 1090 1190 1153 Praetor
1212 1138 1231 1170 ‚
1279 1090 1331 1154 si
1378 1089 1697 1156 recusandi
1742 1112 1924 1158 causa
1972 1113 2100 1159 non
2150 1104 2337 1177 esset,

342 1203 497 1266 servi
520 1215 701 1288 caput
720 1203 888 1289 virga
923 1200 1300 1287 percutiebat
1332 1200 1400 1288 3)
1426 1249 1444 1284 ,
1467 1200 1711 1268 dicens:
1742 1201 1879 1291 Ajo
1901 1204 2075 1269 huno
2121 1205 2336 1270 leomi-

340 1337 487 1379 nem
524 1315 806 1379 liberum
845 1337 978 1379 esse
1002 1336 1175 1379 more
1196 1312 1647 1380 Romanorum
1682 1313 2141 1404 (Quiritium.)
2176 1320 2338 1385 Tum
2439 1322 2452 1329 “

341 1426 516 1491 lictor
541 1439 649 1492 aut
670 1428 956 1493 dominus
976 1450 1216 1494 servum
1235 1429 1303 1493 in
1329 1449 1549 1514 gyrum
1572 1426 1809 1513 agebat,
1834 1449 2177 1516 genamque
2203 1432 2340 1515 ejus

338 1542 683 1625 percutiens
694 1589 713 1625 ,
737 1562 929 1605 manu
949 1540 1346 1627 significabat,
1372 1538 1561 1629 (hinc
1571 1540 1800 1605 scilicet
1817 1545 2274 1608 manumittere
2284 1542 2332 1631 ‚)

339 1652 529 1715 licere
546 1652 605 1715 ei
628 1699 647 1735 ‚
686 1673 812 1737 quo
843 1652 1146 1737 placeret,
1190 1653 1299 1716 ire.

400 1810 451 1876 1)
484 1812 613 1861 Hinc
629 1814 983 1877 manumissor,
1008 1815 1211 1865 Pandd.
1234 1813 1325 1878 ΞΤ,
1350 1814 1413 1864 15
1428 1851 1446 1877 ,
1481 1813 1532 1864 ὅ.
1555 1841 1618 1852 -
1640 1813 1695 1878 2)
1717 1813 1821 1863 Cic.
1847 1814 1982 1880 Top-
1999 1814 2052 1865 2.
2073 1816 2140 1866 So·
2164 1830 2330 1880 noque

337 1916 509 1965 censu,
528 1917 691 1965 neque
711 1903 953 1966 vindicta,
974 1909 1358 1952 mmmmm
1376 1902 1682 1965 muraenas
1697 1910 1788 1967 est,
1803 1918 1908 1952 nou
1927 1910 2004 1950 est
2012 1903 2152 1951 liber.
2168 1903 2338 1968 cuj-1,

338 1986 434 2053 17,
472 1992 530 2038 in
561 1992 711 2054 cujus
724 2007 948 2055 persona
976 1992 1078 2041 snb
1105 1991 1212 2039 Ιιωσ
1230 1998 1542 2040 concurrunt
1554 2024 1576 2055 ‚
1601 1997 1664 2040 ut
1698 1990 1858 2054 πυξίον
1886 1993 2220 2040 eitannorum
2242 1995 2335 2040 tri-

337 2081 479 2142 qima
494 2114 515 2144 ‚
545 2087 593 2128 et
611 2081 795 2144 exjure
818 2081 1105 2143 Quiritium
1129 2081 1326 2129 domins·
1336 2115 1355 2143 ,
1377 2081 1580 2142 etjusta
1601 2095 1662 2128 ac
1689 2080 1910 2144 loqs‘h‘ma
1945 2082 2342 2129 manumissione

338 2168 572 2219 meretur
589 2205 608 2235 ,
641 2172 701 2219 δᾶ
731 2177 805 2220 est
818 2204 839 2235 ‚
860 2172 1085 2220 vindicta
1114 2177 1210 2219 aut
1237 2184 1391 2218 censu
1423 2176 1518 2217 aut
1534 2174 1818 2217 mmmm
1833 2202 1851 2232 ‚
1874 2171 1922 2216 ὄσ
1938 2170 2061 2216 civis
2074 2160 2340 2218 Romanius

336 2261 441 2308 eie:
474 2262 559 2308 sin
574 2275 687 2308 voro
705 2260 907 2324 aliquid
924 2275 1095 2309 eorum
1110 2259 1297 2322 door-ie,
1319 2257 1542 2306 Latinus
1560 2258 1672 2304 erit.
1709 2282 1769 2292 -
1801 2254 1856 2319 3)
1889 2255 2010 2304 Hor.
2043 2255 2152 2306 Sat.
2171 2255 2204 2304 2
2219 2290 2237 2321 ‚
2268 2253 2303 2305 7
2320 2289 2341 2320 ,
2436 2297 2443 2309 .

334 2345 419 2396 715.
457 2373 519 2384 —-
559 2362 706 2411 quem
743 2354 818 2396 ter
846 2348 1097 2397 vindicta
1128 2352 1402 2412 quaterque
1437 2344 1688 2409 Imposita
1714 2342 1859 2393 haud
1891 2358 2123 2408 unquam
2153 2345 2340 2394 niem

330 2434 611 2496 formidine
630 2437 814 2500 privet.
2345 2500 2354 2510 .

426 2573 536 2639 58.
585 2573 685 2637 Ab
727 2572 961 2646 Adamo
1002 2583 1305 2659 quantum
1344 2570 1687 2657 discrepent
1723 2572 1862 2655 alii,
1910 2594 1948 2636 e
1988 2571 2226 2637 duobus
2264 2574 2332 2637 in

342 2697 480 2750 uota
509 2685 783 2771 subjecta
825 2684 1221 2771 intelligimus
1269 2679 1381 2766 1);
1428 2704 1688 2770 eamque
1730 2682 2191 2771 discrepantiam
2219 2686 2334 2750 in-

342 2806 582 2862 tuentes
601 2844 620 2880 ,
667 2797 852 2862 satius
890 2807 1175 2882 putamus
1198 2843 1217 2879 ,
1260 2797 1475 2879 misso,
1517 2817 1641 2882 quo
1664 2796 1902 2882 singula
1938 2796 2202 2882 fiebant,
2226 2820 2334 2863 or-

341 2909 484 2975 dine
506 2958 528 2996 ,
573 2911 641 2975 iu
691 2910 815 2975 ritu
846 2910 1225 2975 occurrentia
1264 2920 1492 2975 tenere.
1523 2907 1708 2996 Apud
1734 2911 2155 2996 magistratum
2180 2912 2334 2975 vin-

344 3021 566 3088 dictam
592 3022 727 3087 fieri
745 3071 764 3107 ,
788 3033 1063 3088 veterum
1086 3043 1385 3086 consensu
1408 3030 1574 3085 extra
1604 3025 2069 3088 controversiam
2107 3034 2197 3088 est
2225 3027 2326 3111 2).

342 3115 530 3222 Virga
568 3136 899 3227 (vindicta,
940 3138 1223 3223 festuca)
1256 3155 1611 3221 percussum
1650 3135 1805 3198 servi
1865 3146 2048 3221 caput
2069 3183 2087 3219 ,
2123 3136 2333 3200 multis

343 3249 492 3314 locis
525 3262 784 3334 constat3
828 3249 976 3314 hinc
1006 3248 1337 3314 vindictam
1364 3250 1682 3334 imponere
1716 3249 1837 3332 3);
1878 3249 2152 3313 lictorem
2189 3271 2333 3335 per-

339 3362 590 3427 cussisse
612 3411 631 3446 ,
676 3383 712 3428 e
757 3363 959 3427 Persio
987 3365 1044 3430 V
1072 3410 1092 3445 ,
1156 3364 1301 3427 175.
1351 3359 1434 3440 4)
1477 3360 1848 3448 colligimus.
1895 3362 2161 3427 Festucae
2199 3364 2334 3426 vice

343 3486 642 3561 postremo
685 3498 853 3540 mera
889 3474 1254 3560 rhapismata
1288 3473 1473 3539 fuisse
1498 3521 1517 3557 ,
1562 3473 1826 3539 Creuzer
1866 3486 2076 3539 monet
2112 3478 2173 3560 ς.
2223 3478 2328 3539 48.

351 3585 544 3672 Caput
563 3597 670 3652 aut
694 3585 1240 3653 aliudmembrum
1270 3586 1425 3649 servi
1452 3585 1713 3672 tetigisse
1736 3584 2057 3651 dominum
2083 3633 2102 3670 ‚
2122 3581 2337 3650 auctor

349 3709 433 3762 est
453 3699 663 3764 Festus
686 3700 753 3764 in
779 3701 1180 3766 manumitti.
1210 3699 1305 3763 De
1323 3699 1495 3783 alapa
1515 3699 1597 3763 cf.
1624 3708 1839 3784 praeter
1873 3698 2019 3763 alios
2062 3697 2299 3764 Phaedri
2314 3748 2334 3783 ,

352 3809 411 3874 11
432 3860 451 3895 ,
481 3815 521 3875 5
544 3860 563 3896 ,
591 3814 676 3877 25
700 3861 719 3896 ,
755 3814 957 3879 multo
986 3812 1265 3901 majoris
1290 3811 1509 3898 alapas
1543 3831 1796 3875 mecum
1818 3822 2130 3890 venenu&
2151 3808 2334 3902 :unde

355 3924 631 3992 conficies
666 3949 703 3992 a
729 3924 981 3992 domino
1009 3926 1243 4008 datam,
1275 3936 1337 3988 et
1365 3921 1773 3989 Claudianum
1799 3921 1965 3990 Ηοπ.
1999 3922 2183 3992 Cone.
2207 3927 2297 3995 lv
2314 3974 2333 4009 ‚

363 4038 482 4105 615
508 4087 528 4126 ,
568 4042 680 4109 ubi
722 4042 1131 4109 manumissus
1172 4051 1365 4130 qrato
1411 4050 1663 4107 remeat
1702 4039 1995 4105 tecm-iou·
2034 4042 2193 4107 iem.
2240 4040 2337 4106 De
