3111 4829
1283 405 1535 489 (435)

407 540 843 605 minutissimos
910 538 1138 624 lapillos
1199 538 1513 603 interdum
1572 521 1859 624 legebant
1887 586 1903 620 ‚
1960 538 2302 626 figurarum
2356 543 2425 607 in

406 665 663 740 angusto
693 655 881 739 spatio
913 653 1310 722 multitudine
1334 652 1761 718 incredibilem
1792 651 2209 719 difficultatem
2243 655 2428 719 exhi—
2455 659 2458 662 ’

404 771 618 834 bentes
640 818 657 852 ,
684 780 966 834 accurate
998 770 1286 855 expressis
1311 819 1328 853 ,
1360 790 1499 856 quae
1538 770 1632 832 vix
1675 769 1912 833 intento
1943 770 2119 876 oculq
2146 766 2444 836 distincte,

402 882 768 969 adpaieant3
826 882 989 948 unde
1032 884 1416 969 microscopis
1465 882 1726 947 artifices
1762 905 1968 948 carere
2008 905 2254 969 prorsus
2301 906 2427 949 non

400 998 703 1083 potuisse,
748 999 923 1064 fuere
959 999 1068 1085 qui
1112 997 1571 1063 contenderent.
1608 999 1754 1062 Haec
1795 997 1872 1062 de
1901 998 2180 1084 plastica,
2212 997 2275 1060 in
2305 1019 2429 1085 qua

398 1113 728 1201 antiquitas
777 1109 856 1201 3)
900 1114 1184 1200 inprimis
1234 1114 1448 1179 mirata
1506 1124 1596 1178 est
1635 1112 1959 1195 Phidiam,
2006 1112 2380 1201 Polycletum
2406 1158 2424 1195 ,
2519 1115 2522 1118 ’

398 1223 797 1295 Alcamenem
813 1278 830 1311 ,
854 1228 1282 1315 Agoracritum
1297 1278 1314 1312 ,
1338 1230 1596 1314 Scopam
1615 1276 1632 1310 ‚
1654 1228 2047 1311 Praxitelem,
2075 1228 2391 1314 Myronem
2407 1276 2426 1308 ,
2455 1283 2462 1289 .

395 1341 725 1428 Lysippum
751 1390 768 1425 ,
809 1343 1142 1407 Memorem
1170 1366 1185 1407 :
1226 1364 1489 1428 quorum
1531 1364 1601 1404 ex
1633 1351 1803 1427 parte
1835 1342 2084 1404 nomina
2116 1339 2193 1405 ad
2223 1340 2428 1425 tripli-

394 1476 530 1518 cem
566 1456 834 1520 indolem
860 1505 877 1538 ,
916 1457 1073 1539 sive,
1121 1467 1192 1519 ut
1239 1455 1443 1520 dicere
1492 1454 1923 1518 consuevimus
1948 1501 1965 1534 ,
2003 1454 2227 1539 stylum
2260 1454 2427 1516 rese-

395 1579 621 1633 runtur
642 1616 661 1652 ,
698 1567 1007 1633 rudiorem
1038 1570 1312 1654 primum
1349 1579 1410 1632 et
1449 1566 1848 1648 esbum-mem,
1881 1566 2022 1630 dein
2049 1614 2069 1649 ,
2101 1564 2332 1630 Phidiae
2361 1574 2427 1629 et

394 1682 724 1769 Polycleti,
752 1681 1051 1768 grandem
1075 1730 1092 1765 ,
1114 1681 1218 1746 sed
1249 1682 1462 1769 priscae
1492 1680 1676 1745 etiam
1705 1680 2015 1765 asperitati
2044 1678 2386 1764 propiorem
2407 1724 2426 1759 ,

392 1804 728 1879 postrema,
753 1796 1033 1884 Lysippi,
1075 1807 1403 1861 venustum
1429 1808 1490 1861 et
1519 1796 1811 1881 mollem3
1853 1794 1931 1861 de
1969 1816 2095 1883 quo
2134 1792 2212 1860 ad
2245 1792 2422 1858 satie-

392 1919 575 1973 tatem
596 1909 728 1994 jam
760 1913 1016 1995 repetita
1034 1909 1262 1974 artium
1290 1910 1590 1993 magistri.

458 2046 509 2105 1)
548 2046 626 2096 Cf.
662 2045 820 2094 minin
831 2080 849 2111 ,
884 2046 1075 2094 intmd.
1110 2048 1143 2093 ὰ
1167 2044 1354 2092 Petusio
1387 2045 1449 2091 de
1488 2043 1747 2093 I’archdol.
1769 2080 1786 2108 ,
1815 2060 1867 2109 p.
1906 2045 1994 2094 201
2016 2083 2032 2108 ,
2075 2046 2162 2094 ubi
2196 2046 2421 2095 omnium

389 2134 598 2182 maxima
636 2148 827 2197 gemma
864 2133 1106 2197 sardonyx
1137 2132 1358 2194 Tiberii,
1381 2136 1432 2180 et
1452 2148 1504 2195 p.
1526 2132 1625 2181 20⁴
1644 2169 1660 2194 ‚
1683 2132 1772 2180 ubi
1809 2134 2014 2196 picturis
2051 2133 2233 2182 similes
2253 2139 2418 2184 vocat.

387 2249 455 2262 -—
472 2223 524 2286 2)
549 2222 821 2271 Adamanta
844 2237 907 2270 an
929 2226 1118 2269 veteres
1136 2221 1456 2284 sculpserint,
1479 2219 1760 2269 dubitatum
1785 2238 1796 2267 :
1824 2226 1971 2284 negat
1993 2214 2148 2269 mulin
2169 2259 2185 2285 ‚
2211 2239 2263 2286 p.
2288 2222 2383 2270 113
2393 2257 2416 2287 ,

386 2312 625 2376 falsarios,
646 2309 829 2361 addens
845 2345 865 2380 ,
889 2311 1100 2377 scalptos
1122 2308 1361 2376 quosdam
1383 2326 1474 2377 pro
1497 2309 1715 2376 antiquis
1735 2309 2030 2360 venditasse.
2048 2339 2106 2348 —
2129 2310 2183 2373 5)
2202 2312 2263 2361 V.
2283 2311 2416 2360 Plio.

386 2406 479 2471 ss,
503 2404 556 2456 5.

1193 2536 1463 2581 mornas
1517 2511 1604 2602 1).

482 2684 632 2749 437.
681 2682 759 2746 In
788 2678 1087 2768 pingendi
1107 2688 1317 2742 autem
1339 2678 1462 2742 sive
1490 2673 1781 2763 graphica
1805 2672 1872 2764 2)
1902 2686 2031 2741 arte
2050 2724 2070 2760 ,
2095 2699 2131 2742 a
2159 2676 2412 2762 lineari,

385 2821 509 2886 quo
530 2796 790 2862 trahitur
815 2815 1085 2881 graecum
1112 2791 1504 2874 μονᾶγμμμος
1529 2787 1598 2878 3)
1621 2838 1640 2874 ,
1672 2789 2072 2875 distinguitur
2099 2792 2411 2857 coloribus

389 2925 447 2977 et
496 2912 782 2996 penicillo
825 2920 1110 2973 naturam
1157 2907 1444 2988 imitans;
1486 2905 1655 2968 illius
1705 2904 1880 2968 initia
1928 2905 2007 2968 ab
2058 2905 2279 2971 umbra
2319 2909 2412 2972 rei

388 3020 714 3110 pingendae
742 3020 1036 3107 graphide
1076 3016 1535 3100 circumscripta
1568 3015 1635 3105 4)
1675 3016 2011 3082 deducunt.
2060 3018 2303 3083 Colores
2335 3017 2405 3107 5)

388 3138 660 3224 primum
716 3108 941 3218 singuli
986 3129 1065 3195 ad
1119 3128 1389 3213 singulas
1441 3126 1716 3212 figuras,
1753 3126 2251 3218 μονοχρᾶμιταδ)
2277 3179 2294 3214 ,
2337 3132 2407 3198 in

387 3249 611 3337 quibus
659 3246 928 3311 minium
982 3241 1368 3333 (cinnabaris
1389 3288 1407 3323 ,
1469 3240 1712 3306 rubrica
1733 3288 1753 3325 ,
1783 3240 2009 3328 μίλτος)
2037 3291 2057 3325 ,
2110 3244 2408 3328 paulatim

388 3366 592 3455 plnres
613 3411 631 3446 ,
658 3360 763 3428 sed
785 3359 892 3424 diu
920 3380 1047 3422 non
1069 3358 1188 3421 nisi
1211 3367 1473 3442 quatuor
1493 3352 1563 3445 7)
1596 3355 1765 3442 iique
1797 3356 2102 3442 simplices
2129 3369 2189 3423 et
2218 3358 2409 3422 severi

388 3478 685 3560 adhibiti,
747 3474 926 3559 niger
952 3520 971 3556 ,
1038 3481 1450 3536 atramentum
1475 3519 1493 3553 ,
1545 3469 1769 3553 ruber,
1832 3470 2056 3558 sinopis
2107 3473 2360 3536 Pontica
2388 3519 2407 3555 ,

387 3594 560 3658 albus
585 3640 602 3675 ,
628 3589 929 3656 melinum
954 3634 974 3670 ,
1002 3585 1199 3672 gilvus
1224 3634 1241 3667 ,
1271 3586 1382 3670 sil,
1426 3584 1621 3649 serius
1649 3584 1946 3669 laetiore83
1984 3584 2151 3650 unde
2183 3584 2408 3671 duplex

388 3705 605 3769 veteris
646 3706 896 3791 picturae
951 3720 1146 3787 genus
1200 3695 1303 3786 8).
1371 3697 1648 3765 Colorem
1695 3709 1801 3763 aut
1849 3721 2008 3785 aqua
2052 3700 2410 3786 simpliciter
2473 3708 2474 3711 ’

391 3818 790 3906 subigebant,
839 3825 947 3881 aut
987 3813 1121 3879 aliis
1166 3811 1548 3900 liquoribuS,
1597 3814 1767 3876 velut
1823 3825 1992 3878 aceto
2019 3863 2035 3896 ,
2090 3813 2403 3901 admistis;

388 3933 690 4003 recentior
721 3931 839 3996 olei
871 3953 1035 3996 usus.
1082 3928 1236 3995 Cera
1278 3949 1524 4015 quoque
1566 3928 1827 4015 pinxisse
1858 3914 2088 3991 veteres
2129 3940 2401 4021 constat,

387 4048 533 4117 alias
580 4049 931 4133 inurentes,
975 4043 1144 4114 unde
1199 4056 1596 4128 encaustum,
1645 4053 1934 4112 encausto
1990 4040 2398 4133 pingeres),
