3111 4829
1328 351 1586 436 (439)

437 482 720 572 Asiaeque
766 485 1039 550 victores.
1100 483 1314 550 Artem
1381 503 1490 551 sua
1541 493 1720 550 aetate
1786 483 2165 550 morientem
2213 484 2475 572 adpellat

443 600 701 668 Plinius.

512 772 563 837 1)
588 773 629 822 A
654 762 875 844 p’uaeaepde
898 813 914 842 ,
958 773 1201 827 sordidus.
1222 776 1352 826 Plin.
1372 773 1435 828 35
1452 813 1469 840 ‚
1506 774 1571 824 10
1594 810 1610 839 ‚
1644 773 1922 823 tonsu-inas
1943 775 2270 839 sutrinasque
2286 774 2474 838 pinsit

442 875 491 917 σε
510 870 687 918 menos
716 877 764 918 σε
785 870 990 920 obsonia
1008 908 1024 933 ‚
1047 887 1107 921 ae
1129 872 1321 920 similia
1337 905 1356 935 ,
1380 870 1440 919 ob
1475 870 1568 919 Ιιοσ
1589 871 1975 934 coquominaeus
1999 868 2467 933 rhyparoqropltos.

447 983 509 998 ·-—
534 958 688 1023 22125.
707 957 836 1010 Ptin.
856 960 921 1011 :55
939 996 957 1025 ‚
979 960 1031 1011 9.
1052 990 1113 1000 —
1137 961 1190 1025 3)
1216 962 1295 1010 Cf.
1316 961 1448 1010 Ptin.
1468 959 1532 1009 55
1553 995 1572 1024 ,
1595 957 1646 1010 4.

1208 1147 1716 1195 Ancurrncwmu.

536 1320 684 1383 440.
734 1316 1023 1403 Tardius,
1060 1340 1249 1407 quam
1286 1317 1526 1404 pictura
1550 1365 1568 1400 ‚
1592 1317 1826 1381 Romae
1853 1315 2244 1402 degeneravit
2264 1308 2484 1380 archi-

441 1443 677 1497 tectura
702 1481 719 1516 ‚
759 1432 1010 1518 eadem,
1064 1443 1134 1498 ut
1176 1434 1515 1519 sculptura,
1557 1454 1594 1496 a
1639 1429 1873 1495 Graecis
1919 1431 2209 1515 perfecta.
2243 1431 2483 1493 Horum

446 1555 632 1631 atque
673 1547 1103 1635 AEgyptiorum
1146 1546 1547 1612 vetustissima
1583 1543 1924 1609 artificiosae
1951 1553 2275 1607 structurae
2308 1540 2486 1606 initia

448 1670 824 1742 memorant,
854 1659 1088 1723 diverso
1118 1680 1345 1745 genere
1372 1659 1635 1723 exculta.
1666 1658 2026 1744 AEgyptiam
2051 1657 2397 1743 simplicem
2426 1666 2489 1720 et

445 1774 607 1837 mole
637 1771 998 1858 stupendam
1030 1771 1251 1837 Oriens
1282 1772 1479 1858 magis
1506 1771 1851 1862 imitatu33
1895 1771 2107 1837 Graeca
2134 1820 2151 1855 ‚
2199 1771 2491 1858 pulchri—
2569 1824 2575 1829 .

448 1884 728 1950 tudinem
758 1896 819 1951 et
852 1885 1112 1972 gratiam
1154 1883 1531 1968 simplicitati
1565 1884 1841 1969 jungens
1864 1930 1883 1966 ,
1922 1884 2183 1969 Romae,
2214 1885 2320 1949 sed
2347 1908 2492 1971 pos-
2595 1964 2600 1967 ἤ

445 2012 640 2067 tremo
661 1999 915 2066 demum
946 1999 1240 2072 libertatis
1269 2010 1544 2084 tempore
1569 2046 1586 2080 ,
1619 1997 1893 2084 primum
1916 1997 1985 2063 in
2008 1999 2276 2085 publicis
2306 2048 2325 2083 ,
2352 2023 2493 2066 mox

450 2114 519 2176 in
568 2113 811 2198 privatis
870 2112 1056 2177 etiam
1111 2107 1383 2176 aedificiis
1439 2122 1735 2197 usurpata
1760 2158 1779 2192 ‚
1836 2132 1976 2197 quae
2034 2123 2269 2177 constat
2326 2113 2496 2199 apud

453 2224 696 2289 Graecos
720 2272 739 2308 ,
770 2224 1025 2290 florente
1046 2222 1179 2309 jam
1201 2222 1613 2288 architectura
1638 2271 1657 2305 ‚
1701 2223 1811 2287 diu
1843 2222 2285 2310 simplicissima
2313 2248 2499 2291 man-

456 2337 599 2401 sisse
624 2385 643 2421 ,
683 2347 885 2424 postea
929 2357 1177 2424 quoque
1231 2336 1478 2400 interno
1518 2336 1720 2425 magis
1756 2357 1945 2424 quam
1988 2349 2236 2402 externo
2274 2351 2499 2404 ornatu

457 2452 808 2537 conspicua.
833 2453 1051 2517 Romae
1081 2461 1291 2515 autem
1319 2448 1623 2534 congestis
1655 2430 1878 2513 mundi
1903 2430 2125 2535 opibus
2150 2499 2167 2534 ‚
2199 2452 2354 2518 mira
2381 2454 2501 2518 suit

457 2566 831 2652 privatorum
848 2616 865 2649 ‚
896 2576 963 2630 ut
990 2566 1056 2629 in
1077 2563 1312 2630 caeteris
1337 2612 1353 2647 ‚
1381 2563 1464 2627 ita
1485 2564 1553 2627 in
1577 2562 1937 2647 ⁴aedificando
1962 2565 2226 2632 luxuria.

554 2686 705 2747 441.
753 2681 1012 2766 Singula
1040 2681 1299 2746 aedificia
1326 2679 1491 2767 quod
1518 2681 1774 2765 attinet,
1801 2681 1992 2747 circos
2013 2731 2030 2766 ‚
2061 2682 2295 2750 theatra
2321 2734 2340 2768 ‚
2368 2709 2498 2751 am*

464 2796 808 2884 phitheatra
828 2847 847 2882 ,
873 2800 1132 2885 templa,
1153 2797 1421 2862 thermas
1447 2806 1508 2861 et
1537 2794 1750 2860 domos
1780 2797 2161 2882 privatorum
2192 2799 2327 2863 aliis
2357 2800 2503 2864 locis

465 2911 842 2996 attingimus.
873 2912 948 2974 In
973 2911 1324 2997 principum
1351 2921 1564 2974 autem
1593 2908 1880 2973 domibus
1911 2911 2179 2975 Homero
2203 2910 2336 2995 jam
2365 2935 2528 2981 mer

467 3033 699 3088 morata
728 3023 880 3088 atria
910 3034 973 3087 et
1002 3024 1269 3108 porticus
1294 3071 1311 3104 ,
1347 3043 1488 3109 quae
1519 3021 1782 3108 publicis
1813 3022 2002 3086 etiam
2028 3022 2302 3088 aedificiis
2325 3073 2341 3105 ,
2370 3047 2506 3110 par—

464 3136 582 3201 tim
620 3136 761 3201 usui
808 3136 1030 3223 partim
1073 3135 1552 3222 magnificentiae
1599 3158 1783 3201 causa
1810 3184 1828 3218 ‚
1876 3134 2104 3202 addita.
2147 3138 2507 3204 Porticuum

471 3250 794 3336 multiplex
840 3249 1184 3332 distinctio,
1223 3251 1394 3315 velut
1442 3250 1762 3337 duplices,
1810 3250 2119 3338 triplices,
2163 3252 2468 3317 milliariae
2492 3302 2510 3336 ‚

471 3364 778 3445 basilicae,
809 3365 995 3452 regiae
1016 3414 1034 3448 ‚
1063 3387 1441 3432 marmoreae.
1478 3367 1850 3432 Gravissima
1887 3377 2098 3431 autem
2126 3389 2264 3453 pars
2294 3368 2514 3432 veteris

472 3477 899 3544 architecturae
929 3479 1155 3565 triplici
1182 3481 1617 3546 columnarum
1645 3479 1862 3547 ordine
1881 3530 1898 3565 ‚
1928 3478 2150 3547 Dorico
2173 3528 2190 3562 ,
2218 3480 2427 3545 lonico
2454 3492 2515 3546 et

490 3594 848 3678 Corinthio,
878 3593 1250 3659 continetur.
1300 3595 1620 3661 Columnas
1648 3607 1850 3683 partes
1898 3594 2056 3660 basis
2087 3590 2327 3682 (spira)
2367 3617 2515 3660 cum

479 3710 770 3797 stylobate
792 3758 810 3792 ‚
847 3708 913 3773 in
944 3708 1074 3773 basi
1105 3731 1358 3796 scapus,
1388 3710 1458 3774 in
1501 3731 1680 3797 scapo
1722 3710 2065 3796 capitulum
2089 3756 2108 3790 ‚
2147 3711 2214 3773 in
2248 3710 2517 3795 capitulo

479 3823 725 3889 abacus.
754 3824 1072 3890 Columnis
1095 3824 1434 3890 sustinetur
1454 3825 1777 3908 trabeatio,
1802 3820 2101 3889 trifariam
2123 3821 2313 3891 divisa
2357 3823 2515 3915 (epi-

482 3937 765 4026 stylium,
797 3936 1149 4025 Zophorm,
1193 3935 1518 4026 corona.)‚
1563 3937 2004 4004 intermedium
2049 3937 2213 4002 binis
2251 3939 2515 4026 spatium

482 4052 1054 4121 intercolumnium.
1090 4053 1401 4122 Ordinum
1444 4053 1904 4143 antiquissimus
1941 4051 2234 4140 idemque
2277 4053 2514 4140 simpli-
