3111 4829
1349 428 1599 513 (373)

460 571 615 648 'quos
664 571 799 625 tum
847 582 963 626 nec
1015 561 1214 626 simile
1253 560 1405 649 quid
1455 560 1621 648 apud
1669 561 2001 626 exercitum
2021 608 2040 645 ,
2091 557 2473 644 eandemque

460 674 661 761 quoad
688 686 900 760 potum
933 676 1308 740 severitatem
1337 676 1523 741 fuisse
1555 670 1683 762 10).
1722 675 2046 757 Caeterum,
2074 683 2142 736 ut
2165 670 2471 757 hodieque

456 809 589 852 mos
636 788 927 874 gregariis
962 789 1260 854 militibus
1282 838 1300 873 ,
1343 810 1674 854 commune
1703 786 2102 852 contubernio
2144 784 2236 875 (§.
2272 777 2470 868 370.)

451 899 780 987 prandium
811 913 871 965 et
899 924 1111 986 coena3
1142 903 1645 968 accumbentibus
1672 951 1689 986 ‚
1736 902 1988 966 omnino
2017 897 2470 987 quiescentibus

457 1024 625 1079 torus
673 1016 1035 1080 stramineus
1080 1012 1209 1104 11).
1258 1017 1535 1084 Ducibus
1579 1027 1851 1103 tempore
1899 1014 2069 1081 Curii
2123 1007 2243 1099 12)
2292 1021 2471 1095 turpe

454 1129 666 1193 fuisset
698 1128 891 1192 multo
911 1177 929 1212 ,
957 1150 1143 1217 quam
1169 1130 1345 1194 miles
1369 1179 1387 1213 ‚
1430 1131 1658 1195 lautius
1687 1151 1869 1216 agere
1893 1178 1911 1213 ,
1940 1138 2104 1214 post,
2134 1127 2286 1191 luxu
2324 1148 2473 1188 mu·-

451 1241 590 1308 tatis
615 1244 892 1307 moribus
912 1292 930 1327 ‚
963 1246 1235 1331 exemplo
1270 1245 1464 1331 magis
1492 1245 1672 1309 multi
1699 1246 1967 1330 frugales
2004 1255 2065 1309 et
2090 1242 2230 1308 duri
2255 1290 2272 1324 ‚
2301 1262 2472 1326 prae-

451 1356 697 1440 sertim,
735 1357 841 1443 qui
890 1358 1179 1422 laxiorem
1226 1357 1614 1443 disciplinam
1660 1356 1740 1422 ad
1780 1356 2472 1443 antiquitatis'rigorem

454 1493 739 1535 revocare
775 1482 1147 1535 conarentur
1181 1468 1313 1559 13).

517 1602 572 1658 1)
595 1602 671 1650 Cf.
693 1602 799 1650 cto.
822 1604 883 1650 da
901 1602 1033 1665 Περ.
1052 1603 1084 1650 2
1103 1639 1119 1666 ,
1143 1603 1208 1651 20
1226 1639 1242 1665 ‚
1266 1603 1371 1652 Liv.
1394 1603 1420 1653 1
1440 1640 1456 1666 ,
1476 1602 1562 1652 45.
1583 1629 1645 1641 -
1665 1603 1720 1667 2)
1743 1603 1819 1652 Cf.
1839 1604 2010 1652 Crauz.
2034 1599 2081 1671 §-
2102 1600 2168 1651 59
2197 1598 2384 1651 01105.
2403 1624 2474 1638 ·-

454 1692 509 1758 5)
532 1691 606 1741 Cf.
629 1691 737 1741 Liv.
757 1691 819 1754 4,
842 1691 907 1741 59
926 1728 942 1753 ,
965 1691 1027 1757 5,
1047 1691 1099 1742 7.
1118 1719 1182 1730 -
1201 1691 1254 1752 4)
1276 1691 1351 1740 Cf.
1370 1692 1543 1741 Creuz.
1564 1692 1601 1741 1.
1625 1707 1674 1740 c.
1689 1728 1704 1753 ,
1727 1692 1873 1740 Nieb.
1890 1709 1939 1740 v.
1959 1693 2021 1756 Ξ,
2041 1708 2094 1756 p.
2114 1692 2305 1742 218.—
2321 1689 2374 1755 5)
2395 1688 2472 1738 Cf.

452 1783 588 1832 Suet.
613 1784 754 1847 Auq.
778 1782 872 1845 ⁴9,
897 1783 1017 1831 Tac.
1034 1785 1178 1831 Arm.
1202 1781 1228 1831 1
1252 1817 1269 1844 ,
1297 1780 1355 1829 17
1379 1787 1429 1830 et
1450 1781 1533 1829 26.
1550 1806 1613 1819 -·
1635 1780 1686 1828 6»
1709 1780 1785 1828 Cf.
1810 1781 1930 1828 Tac.
1947 1781 1985 1829 l.
2008 1796 2057 1829 c.
2073 1816 2088 1843 ,
2110 1779 2285 1847 Polyb.
2305 1779 2366 1840 0,
2387 1774 2471 1827 19.

452 1899 517 1911 —
537 1871 590 1934 7)
610 1871 685 1920 Cl'.
704 1872 878 1937 Polyb.
903 1872 975 1921 ib.
995 1898 1057 1909 —
1077 1871 1129 1936 8)
1152 1871 1226 1919 Cl'.
1250 1871 1412 1919 Varro
1431 1872 1491 1919 da
1514 1870 1577 1919 L.
1598 1870 1661 1919 L.
1684 1869 1744 1932 4,
1769 1886 1821 1935 p.
1838 1869 2072 1934 24‚‚veg.
2090 1870 2150 1932 2,
2172 1869 2203 1918 7
2218 1906 2234 1933 ,
2258 1867 2381 1934 Lyd.
2409 1865 2470 1935 1,

447 1960 531 2010 46.
552 1988 613 2002 -
632 1960 691 2017 9,
718 1962 796 2012 Cf.
821 1962 940 2010 nor.
970 1962 1067 2011 od.
1093 1961 1154 2024 5,
1191 1961 1223 2009 2
1240 1997 1256 2023 ‚
1284 1961 1441 2025 Spart.
1468 1961 1642 2008 Hadr.
1679 1960 1760 2010 10.
1779 1987 1843 1998 --
1863 1961 1944 2024 10)
1987 1960 2061 2007 Cf.
2098 1961 2255 2024 Spart.
2278 1962 2315 2009 1.
2337 1976 2385 2007 c.
2402 1981 2476 2026 —2

448 2053 533 2113 11)
559 2052 638 2101 Cf.
657 2053 788 2101 Plin.
813 2052 888 2100 H.
908 2049 980 2100 Ν.
997 2049 1058 2114 8,
1078 2048 1163 2098 58.
1182 2076 1244 2088 -
1266 2049 1354 2111 12)
1382 2049 1460 2098 Cf.
1484 2049 1606 2099 Hor.
1634 2049 1733 2099 od.
1758 2049 1819 2113 1,
1845 2048 1935 2113 12,
1955 2048 2040 2099 ⁴1.
2065 2077 2125 2088 —
2148 2049 2229 2114 15)
2252 2049 2328 2098 Cf.
2350 2049 2470 2099 Tao-

450 2143 596 2194 Ann.
624 2140 715 2207 15,
737 2139 821 2191 55.

542 2279 695 2342 375.
744 2277 912 2340 Inter
957 2272 1276 2340 commoda
1298 2273 1673 2361 proemiaque
1699 2273 1935 2338 militiae
1965 2273 2213 2359 ponitur
2245 2295 2284 2339 a
2320 2295 2470 2337 mu-

452 2389 706 2457 neribus
740 2388 1003 2476 publicis
1047 2387 1405 2451 immunitas
1428 2436 1446 2471 ,
1495 2396 1557 2451 et
1598 2406 1737 2474 quae
1781 2385 2022 2473 proprie
2051 2384 2337 2450 militaria
2357 2406 2470 2449 vo-

448 2517 669 2572 cantur
692 2553 710 2588 ‚
737 2503 926 2569 veluti
950 2526 1084 2591 pars
1120 2502 1555 2567 manubiarum
1585 2552 1603 2586 ‚
1634 2514 1813 2566 aucta
1841 2524 2082 2566 annona
2115 2501 2210 2592 (§.
2237 2495 2467 2589 374.),

447 2618 782 2705 honorata,
834 2640 991 2704 saepe
1044 2638 1191 2682 cum
1241 2615 1416 2682 donis
1462 2616 1711 2700 missio,
1770 2617 1902 2703 agri
1947 2615 2242 2681 veteranis
2292 2608 2469 2679 divisi

449 2732 545 2822 (§.
592 2728 823 2822 242.);
868 2731 973 2795 sed
1001 2729 1248 2800 honoris
1277 2730 1582 2817 praecipua
1609 2731 1859 2817 praemia
1882 2731 2033 2797 varii
2070 2730 2310 2817 generis
2349 2752 2469 2795 00-

447 2865 612 2908 ronae
647 2842 711 2932 1)
737 2893 754 2928 ,
800 2844 989 2909 civica
1034 2845 1345 2931 quercinae
1388 2842 1620 2917 frondis
1655 2841 1764 2932 2),
1798 2844 2036 2908 vallaris
2067 2866 2113 2908 s.
2152 2841 2467 2908 castrensis

446 2956 617 3018 vallis
642 3003 660 3038 ,
690 2956 1184 3040 muralis⁸pinnis
1209 3004 1227 3039 ,
1257 2956 1484 3021 navalis
1516 2957 1638 3020 sive
1677 2967 1926 3024 rostrata
1966 2953 2035 3045 3)
2079 2957 2283 3020 rostris
2328 2955 2466 3019 dis-

446 3065 669 3152 tincta,
695 3067 1085 3132 obsidionalis
1105 3091 1151 3134 s.
1187 3068 1535 3154 graminea,
1564 3091 1746 3133 aurea
1774 3117 1792 3152 ,
1814 3069 1909 3133 vel
1936 3066 2083 3133 alias
2112 3071 2209 3133 vel
2232 3062 2470 3132 trium-

446 3177 708 3264 phaturo
750 3179 885 3245 data
911 3228 929 3263 ,
976 3203 1098 3267 quo
1141 3181 1463 3247 referenda
1507 3181 1930 3268 triumphalis,
1977 3192 2038 3246 et
2074 3182 2153 3247 ab
2190 3183 2468 3247 ovatione

449 3291 608 3357 dicta
632 3293 837 3356 ovalis.
872 3293 1072 3357 Minor
1111 3292 1305 3356 honos
1328 3318 1641 3360 armorum
1661 3346 1678 3379 ‚
1717 3308 1785 3361 ut
1822 3295 2007 3361 hastae
2026 3318 2197 3382 purae
2224 3294 2309 3385 4).
2334 3297 2467 3362 Da-

445 3405 674 3471 bantur
697 3416 756 3469 et
778 3403 1041 3491 phalerae
1067 3401 1156 3493 5),
1176 3408 1446 3492 primum
1471 3408 1770 3495 equorum
1797 3433 1831 3474 e
1853 3410 2097 3475 metallo
2127 3411 2338 3497 capitis
2358 3422 2467 3474 aut

443 3520 703 3606 pectoris
752 3514 855 3607 6),
898 3530 1032 3604 post
1066 3518 1394 3585 hominum
1444 3544 1691 3610 quoque
1734 3521 1842 3613 7),
1896 3535 2326 3590 ornamentum
2371 3524 2463 3612 8),

445 3634 702 3698 armillae
734 3630 803 3724 9)
829 3681 846 3717 ,
877 3631 1045 3698 unde
1067 3634 1405 3699 armillatus
1425 3682 1442 3717 ,
1474 3646 1717 3724 torques
1753 3634 1859 3726 10)
1882 3686 1900 3721 ,
1946 3637 2110 3703 unde
2158 3638 2460 3725 torquati,

443 3747 756 3813 cornicula
816 3744 978 3836 11),
1026 3749 1166 3814 alia.
1211 3749 1433 3812 Eximii
1481 3748 1713 3814 ducum
1770 3749 2068 3835 honores,
2120 3752 2186 3814 in
2236 3751 2462 3838 quibus

441 3859 656 3923 titulus
683 3862 1071 3950 Imperatoris
1098 3861 1198 3952 (§.
1236 3861 1428 3950 222.)
1460 3862 1539 3927 ab
1567 3863 1834 3928 exercitu
1858 3862 2034 3928 datus
2078 3863 2456 3954 (Imperator

443 3970 820 4062 salutatus),
878 3977 1348 4064 supplicationes
1394 3974 1499 4066 (5.
1564 3972 1806 4064 331.),
1855 3977 1922 4041 in
1973 3976 2127 4042 urbe
2167 3977 2454 4062 indictae,

442 4086 631 4172 spolia
661 4135 681 4170 ,
751 4091 1170 4181 antiquissimo
1237 4093 1605 4179 populorum
1680 4113 1852 4157 more
1930 4087 2061 4178 12)
2090 4140 2110 4176 ,
2173 4090 2452 4159 domibus
