3111 4829
1312 425 1337 510 (
1379 413 1492 489 431
1538 429 1567 508 )

402 559 510 624 'ab
545 559 760 644 argilla
789 557 928 625 ficta
957 608 974 641 ‚
1002 556 1279 645 quamvis
1308 579 1432 620 non
1476 556 1616 622 satis
1644 554 1864 622 idonea
1904 558 2135 622 ratione
2160 607 2177 641 ‚
2224 552 2452 644 repeti-

433 676 665 754 verint3
697 673 1056 760 perantiqua
1103 673 1316 758 utique
1358 694 1540 758 opera
1571 692 1605 734 e
1634 680 1791 736 terra
1824 683 1993 737 cocta
2024 671 2223 762 (terre
2251 671 2448 759 suite)

432 785 697 870 plurima
727 796 1036 871 superant.
1082 785 1284 872 Gypso
1317 784 1589 869 primum
1620 784 1686 847 in
1730 782 1923 849 diaetis
1964 795 2026 849 et
2055 786 2307 850 omnino
2344 809 2456 872 pa-

432 898 688 962 rictibus
728 897 754 988 (
772 898 1071 963 albarium
1094 946 1110 979 ,
1158 898 1480 962 tectorium
1504 946 1521 979 ‚
1576 895 2064 984 marmoratum)
2097 897 2454 963 decorandis

430 1012 737 1099 praecipue
785 1014 1132 1079 utebantur.
1189 1011 1492 1077 Hominis
1549 1015 1910 1102 imaqinem
1947 1036 2145 1102 qypeo
2186 1035 2218 1077 e
2276 1016 2454 1103 facie

429 1107 579 1213 ipsa
609 1136 670 1192 et
708 1127 784 1191 de
817 1130 1030 1216 eiqm'e
1062 1126 1338 1215 effiqiem
1365 1122 1435 1214 2)
1462 1126 1698 1212 primus
1727 1127 2076 1212 expressisse
2104 1128 2298 1192 fertur
2329 1129 2444 1216 Ly-

434 1238 702 1303 sistratus
726 1288 744 1322 ‚
797 1240 1042 1327 Lysippi
1085 1241 1269 1304 frater
1296 1287 1313 1322 ‚
1358 1238 1649 1325 idemque
1696 1240 1930 1325 primus
1974 1263 2009 1306 e
2053 1263 2233 1326 cera,
2285 1240 2454 1307 haud

435 1352 625 1418 dubie
670 1364 909 1420 mature
939 1376 975 1418 a
1022 1352 1335 1444 fictoribus
1386 1364 1673 1439 usurpata
1699 1401 1717 1437 ,
1761 1353 2061 1440 imagines
2090 1354 2319 1419 fudisse
2344 1353 2452 1444 3);

436 1467 648 1552 quales
692 1475 753 1529 et
788 1465 1007 1532 Romae
1048 1465 1352 1554 nobilium
1395 1465 1580 1530 fuisse
1626 1476 1856 1529 constat
1903 1467 2001 1556 (§.
2054 1463 2245 1554 132.)
2286 1468 2455 1533 Inter

436 1581 682 1644 metalla
714 1578 1170 1666 antiquissimus
1207 1578 1343 1643 auri
1371 1589 1432 1643 et
1459 1578 1698 1664 argenti
1716 1627 1733 1660 ,
1780 1578 1902 1642 sive
1957 1578 2024 1641 in
2071 1577 2268 1644 ductis
2322 1580 2445 1644 sive

441 1691 508 1756 in
539 1692 688 1757 fusis
710 1692 995 1778 operibus
1017 1741 1035 1776 ‚
1065 1703 1126 1756 et
1148 1692 1675 1781 frequentissimus
1693 1692 1848 1775 aeris,
1882 1691 1910 1783 (
1932 1691 2096 1757 unde
2117 1715 2198 1757 aes
2227 1693 2449 1759 Delia-

435 1828 583 1871 cum
607 1855 625 1891 ,
656 1805 1150 1891 Corinthiacum3
1177 1829 1297 1872 aera
1327 1807 1593 1894 Myronis
1613 1856 1630 1891 ,
1662 1802 1813 1895 etc.)
1838 1855 1855 1891 ,
1885 1807 2071 1872 serior
2106 1808 2251 1873 ferri
2288 1831 2450 1877 usus.

434 1920 511 1983 In
534 1921 842 2006 sculptura
872 1931 1078 1985 autem
1103 1943 1248 1985 cum
1269 1920 1550 1985 universa
1576 1931 1709 1984 tum
1729 1931 2064 1985 statuarum
2097 1923 2292 2008 prima
2317 1946 2456 1990 ma-

434 2033 616 2096 teries
662 2031 831 2102 haud
892 2030 1080 2096 dubie
1122 2033 1363 2118 lignum
1388 2055 1406 2115 ;
1469 2033 1679 2119 quales
1734 2031 1911 2118 Olym
1919 2034 2070 2118 picis
2130 2031 2456 2100 victoribus

436 2143 614 2207 initio
672 2145 886 2229 positas
927 2143 1302 2230 accipimus3
1357 2153 1417 2206 et
1473 2143 1731 2207 numina
1787 2165 1919 2207 mos
1961 2145 2080 2208 fuit
2126 2133 2197 2211 ex
2238 2147 2454 2212 arbore

435 2255 582 2341 ipsis
612 2267 837 2320 sacrata
879 2258 1173 2342 sculpere.
1205 2256 1376 2319 Inter
1406 2255 1575 2341 ligna
1606 2255 1915 2320 usitatiora
1945 2271 2287 2324 memorant
2314 2261 2460 2326 ebe-

438 2345 595 2433 num
623 2417 640 2455 ,
710 2367 1021 2443 ficulnum
1049 2418 1066 2454 ‚
1132 2368 1555 2457 cupressinum
1590 2417 1608 2452 ‚
1667 2367 1989 2435 cedrinum
2016 2420 2034 2456 ,
2110 2394 2400 2439 acernum
2429 2425 2449 2460 ,

432 2481 696 2555 buxum.
726 2483 1063 2569 Posterior,
1095 2482 1532 2551 vetustissimus
1568 2492 1772 2563 tamen
1795 2532 1814 2568 ,
1841 2466 2116 2569 lapidum
2159 2498 2220 2550 et
2254 2485 2451 2553 eboris‘

432 2621 579 2663 usus
606 2598 715 2686 4),
738 2599 991 2664 florente
1019 2594 1182 2686 apud
1210 2597 1452 2662 Graecos
1485 2598 1796 2681 sculptura
1823 2646 1840 2680 ‚
1862 2599 1930 2661 in
1958 2600 2201 2664 colossis
2230 2604 2412 2667 ctiam
2431 2653 2449 2687 ‚

435 2724 504 2777 ut
527 2737 561 2778 a
585 2712 798 2781 Phidia
824 2713 891 2777 in
912 2714 1058 2778 Jove
1081 2710 1396 2801 Olympio,
1419 2709 1701 2775 adhibiti.
1729 2713 1777 2775 E
1800 2712 2106 2798 lapidibus
2127 2716 2454 2783 nobiliores

432 2850 733 2893 marmora
763 2824 871 2917 5),
896 2826 1141 2892 Parium
1160 2875 1179 2911 ,
1205 2824 1585 2890 Pentelicum
1605 2873 1623 2908 ,
1648 2826 2013 2910 Spartanum
2032 2876 2050 2910 ,
2080 2816 2417 2916 Phrygium
2435 2881 2453 2915 ,

437 2941 818 3027 Carystium,
863 2940 1251 3007 Coraliticum
1274 2987 1293 3023 ,
1340 2938 1732 3025 Augustum,
1775 2939 2132 3024 Tiberium,
2173 2953 2288 3007 etc,
2332 2940 2445 3032 6),

433 3052 849 3141 porphyrites,
873 3052 1300 3118 alabastrites
1332 3048 1440 3141 7),
1458 3053 1761 3140 qram‘tee
1779 3096 1804 3126 ,
1845 3051 1907 3141 (e
1929 3074 2052 3138 quo
2078 3050 2323 3119 obelisci
2348 3079 2455 3119 ex-

433 3164 542 3228 cisi
567 3161 630 3251 ,)
667 3164 746 3230 ab
769 3163 1104 3251 AEgyptiis,
1132 3163 1384 3228 basaltes
1405 3211 1423 3248 ,
1452 3163 1530 3228 ab
1560 3161 1775 3227 iisdem
1802 3175 1862 3228 et
1893 3164 2123 3231 Graecis
2149 3169 2456 3258 praecipue

434 3287 779 3362 usurpatus.
813 3277 1073 3365 Lapidea
1118 3298 1365 3365 qnoque
1402 3277 1681 3364 plerique
1712 3276 2058 3343 existimant
2091 3281 2278 3355 fuisse
2309 3306 2456 3369 pre-

433 3390 748 3455 tiosissima
774 3388 938 3475 apud
968 3400 1192 3454 veteres
1212 3412 1349 3455 vasa
1373 3438 1390 3473 ‚
1409 3412 1548 3478 quae
1571 3389 1894 3457 murrhina
1921 3394 2013 3457 vel
2044 3393 2332 3462 murrhea
2353 3446 2370 3479 ‚
2393 3410 2455 3463 et

434 3494 591 3589 saepe
624 3504 813 3589 ipsius
851 3503 1124 3568 materie
1154 3504 1405 3568 nomine
1434 3503 1716 3570 mnrrbae
1756 3504 2093 3595 (myrrbae)
2136 3507 2454 3594 adpellan-

435 3627 536 3681 tur
566 3614 654 3705 8).
698 3618 979 3705 Denique
1024 3628 1086 3682 et
1120 3617 1261 3681 vitri
1303 3617 1331 3709 (
1348 3619 1499 3706 paee
1521 3621 1789 3707 antique
1809 3665 1834 3695 ,
1874 3641 2061 3684 verre
2100 3620 2454 3712 antique),

386 3752 389 3759 ·
434 3732 767 3814 presertim
792 3732 860 3797 in
881 3733 1034 3799 vasis
1054 3731 1277 3798 eoelatis
1296 3779 1315 3817 ,
1346 3743 1407 3798 et
1433 3733 1898 3821 antiquissimus
1926 3756 2096 3802 usus.

507 3933 561 3998 1)
582 3934 927 4005 canimus,
952 3940 1114 3993 n—
1136 3938 1193 4006 Ξ)
1225 3940 1359 3990 Plin.
1396 3940 1496 4006 35,
1528 3939 1626 3990 12:
1653 3941 1914 4008 Creo-'equo
1942 3959 2021 3993 m
2050 3946 2110 3994 in
2142 3953 2369 4013 samm,
2395 3956 2457 4001 ul

434 4025 588 4083 pulla
612 4029 762 4092 siqua
783 4037 1021 4080 statuane
1038 4033 1150 4080 sino
1171 4032 1356 4097 arqilla
1374 4032 1571 4095 fleme.
1593 4057 1660 4071 -—
1676 4030 1729 4089 δ)
1748 4031 1824 4080 Cf.
1842 4031 1973 4081 Plin.
1996 4033 2087 4100 35,
2114 4036 2193 4085 12.
2215 4066 2275 4077 -
2300 4039 2352 4105 4)
2375 4040 2451 4088 Cf.

436 4113 617 4163 Juven.
655 4113 716 4182 8,
739 4114 831 4166 103
853 4154 870 4182 ,
894 4119 1200 4171 Phidiacum
1224 4119 1416 4170 vivebat
1435 4121 1577 4171 ebur.
1602 4150 1659 4160 —
1687 4120 1741 4185 5)
1772 4120 1991 4184 Quorum
2029 4124 2122 4173 alia
2145 4127 2413 4191 sculpturae
2432 4163 2450 4192 ,
