3111 4829
1561 353 1589 433 (
1626 349 1745 415 464
1787 356 1814 435 )
1888 329 1911 350 ²

591 521 598 527 ·
682 474 1050 554 discumbet-e
1070 534 1086 569 ‚
1107 467 1510 551 'discumbere
1533 534 1551 568 ,
1574 496 1690 551 etc.
1727 483 1858 573 13).
1890 485 2183 551 Foeminae
2208 497 2412 553 tamen
2435 534 2453 570 ‚
2472 483 2712 571 Jaeen-

683 604 845 667 tibus
870 602 1011 666 viris
1041 597 1183 689 14),
1209 601 1496 665 sedebant
1520 598 1547 689 (
1563 600 1642 663 cf.
1670 601 1729 683 §.
1758 596 1960 688 331.)

746 765 797 830 1)
832 765 894 813 V.
918 765 1087 812 Creuz.
1112 759 1155 830 §.
1180 762 1294 811 277.
1314 790 1374 798 -
1393 761 1444 824 2)
1470 761 1544 808 cf.
1570 761 1767 809 Petron.
1793 777 1839 809 e.
1867 751 1959 825 27,
1986 763 2128 810 Mart.
2155 761 2218 811 14
2238 798 2253 827 ,
2281 761 2375 811 119
2395 798 2410 824 ,
2433 763 2622 811 Juven.
2649 757 2711 827 3,

676 851 773 905 108
791 892 806 915 ,
844 855 996 901 Clem.
1023 853 1160 900 Alex.
1186 851 1392 913 Poedaq.
1417 850 1478 912 2,
1516 850 1569 898 7.
1591 849 1654 898 V.
1678 851 1873 914 Boettig.
1906 851 2099 900 Sabina
2120 867 2173 915 p.
2201 851 2247 901 1.
2273 867 2328 915 p.
2361 851 2428 900 40
2450 858 2502 900 et
2524 847 2606 900 44.
2627 879 2709 893 —-

676 945 730 1010 5)
755 944 896 991 Mart.
936 942 967 991 7
988 940 1090 1003 ,19
1114 940 1247 1004 ,12,
1273 940 1354 987 29.
1377 937 1615 1001 -“4)01“.
1653 939 1794 987 Ovid.
1819 941 1888 989 A.
1909 942 1976 989 A.
2000 941 2067 1003 2,
2100 940 2215 989 500.
2241 941 2364 990 Hor.
2390 940 2505 991 Sat.
2528 941 2561 990 2
2580 978 2597 1004 ,
2625 941 2664 990 8
2688 978 2708 1005 ‚

675 1033 761 1083 11.
789 1032 912 1094 ihiq.
935 1030 1189 1078 Heindorf.
1211 1057 1271 1067 —
1292 1030 1344 1092 5)
1370 1030 1445 1078 Cf.
1471 1028 1611 1077 Ovid.
1648 1030 1716 1078 A.
1740 1031 1808 1077 A.
1833 1029 1865 1077 5
1887 1065 1902 1091 ,
1938 1025 2034 1078 755
2054 1065 2070 1091 ,
2103 1029 2245 1077 Mart.
2283 1029 2346 1078 14
2367 1067 2382 1093 ‚
2414 1030 2524 1100 121.
2550 1058 2611 1069 -
2638 1032 2704 1095 6)

675 1120 758 1170 Ib-
785 1115 1497 1183 12o‚cs.Boettig.p.106.—-
1516 1117 1570 1182 ⁷)
1595 1117 1801 1180 Capitol.
1828 1118 2049 1166 Marem.
2062 1119 2187 1182 jan.
2214 1118 2265 1167 4.
2290 1146 2336 1159 -
2367 1118 2420 1183 s)
2447 1105 2589 1168 mm.
2610 1120 2704 1183 ιο,

676 1210 770 1274 87,
795 1210 857 1259 12
876 1247 891 1267 ,
914 1203 1046 1257 Petr.
1082 1225 1129 1257 e.
1151 1204 1209 1257 21
1234 1246 1249 1270 ‚
1275 1207 1350 1273 et,
1379 1206 1618 1273 Pompon.
1635 1245 1651 1271 ,
1674 1206 1877 1256 Panda.
1901 1207 1995 1269 54,
2020 1209 2079 1272 2,
2110 1208 2205 1271 55,
2231 1205 2565 1259 muliebribus
2595 1227 2704 1260 οω-

675 1301 892 1349 notoriis
912 1297 1004 1346 uti.
1026 1326 1087 1335 —
1106 1292 1159 1356 9)
1182 1298 1323 1346 Mart.
1349 1296 1379 1345 5
1397 1335 1411 1360 ‚
1439 1289 1503 1346 80
1522 1335 1536 1359 ,
1561 1298 1623 1359 2,
1649 1297 1884 1344 undecies
1913 1313 2022 1346 una
2047 1300 2295 1358 carreni,
2321 1297 2472 1347 Zoilo
2487 1337 2502 1363 ‚
2517 1316 2659 1349 coenoe
2677 1337 2700 1366 ‚

591 1403 594 1406 ·
673 1395 724 1437 et
745 1394 938 1436 mutata
960 1381 1054 1435 sibu·
1070 1394 1141 1434 est
1162 1388 1409 1449 synthesis
1433 1387 1686 1434 undecies.
1710 1385 1785 1432 Cf.
1810 1384 1938 1433 idem
1969 1385 2030 1434 14
2049 1423 2064 1449 ,
2093 1386 2114 1434 1
2135 1423 2149 1449 ,
2177 1387 2199 1436 1
2221 1424 2236 1449 ,
2263 1388 2400 1436 Suet.
2429 1388 2581 1437 Nero.
2599 1389 2693 1438 51.

674 1503 737 1515 -
765 1475 846 1534 10)
870 1476 945 1525 Cf.
966 1474 1164 1524 Lueret.
1188 1476 1250 1538 5,
1275 1475 1399 1537 926,
1418 1472 1479 1536 5,
1524 1465 1675 1540 1598,
1699 1475 1819 1523 Hor.
1843 1474 1941 1524 011.
1962 1475 1994 1523 2
2012 1512 2027 1537 ,
2060 1469 2112 1536 7,
2149 1476 2235 1524 25.
2259 1505 2322 1513 -
2346 1475 2431 1539 11)
2455 1476 2527 1525 cf.
2552 1475 2694 1528 Serv.

674 1566 757 1615 ed.
795 1566 914 1615 AEn.
957 1564 1023 1629 7,
1060 1557 1172 1614 176.
1196 1589 1257 1602 -
1281 1564 1362 1622 12)
1388 1563 1595 1624 Creuz.‚
1636 1563 1856 1626 Symbol.
1893 1580 1943 1612 v.
1979 1564 2026 1613 1.
2063 1580 2114 1629 p.
2155 1564 2282 1629 175,
2328 1566 2704 1630 antiquissimos

673 1656 869 1704 Grecos
907 1655 957 1702 in
990 1654 1146 1718 epulis
1163 1652 1518 1701 sacrificiorum
1542 1652 1749 1716 sedisse,
1789 1670 2014 1703 sermone
2053 1655 2199 1702 etiam
2223 1654 2536 1721 moderatoe3
2576 1653 2705 1705 deo·

676 1746 810 1793 enim
831 1750 1093 1809 praesentes
1116 1742 1325 1791 duxisse.
1359 1741 1433 1789 Cf.
1458 1740 1599 1788 nvid.
1629 1741 1761 1789 Fast.
1786 1742 1845 1804 6,
1869 1742 1985 1791 505.
2008 1742 2135 1791 Fuse
2153 1779 2169 1803 ‚
2193 1749 2251 1791 ut
2284 1745 2520 1809 pleraque
2540 1781 2555 1804 ‚
2584 1760 2702 1793 rem

679 1834 895 1882 illustrat
916 1833 1083 1881 Stuck.
1120 1834 1312 1895 antiqq.
1352 1827 1600 1879 cenea'cal.
1623 1830 1655 1878 2
1673 1867 1688 1892 ,
1713 1830 1794 1879 54.
1815 1856 1879 1869 -
1902 1832 1985 1895 15)
2026 1832 2100 1879 Cf.
2122 1829 2245 1880 Bor.
2274 1834 2373 1883 od.
2401 1835 2422 1883 1
2447 1871 2461 1896 ,
2500 1833 2564 1883 27
2580 1871 2595 1897 ,
2622 1833 2660 1882 8
2679 1871 2698 1898 ,

672 1923 855 1971 Juven.
879 1923 911 1970 2
930 1958 945 1984 ,
985 1921 1107 1983 120,
1129 1922 1277 1969 Lucoe
1298 1920 1359 1983 7,
1395 1919 1571 1996 573—
1597 1915 1679 1984 14)
1703 1920 1845 1969 Teste
1867 1921 2090 1971 Varrone
2109 1958 2126 1988 ,
2157 1921 2280 1971 laid.
2310 1919 2348 1972 l.
2387 1921 2468 1972 20.
2503 1920 2693 1987 Etym-

672 2009 735 2059 Ὺ.
757 2012 926 2062 Stuck.
949 2011 982 2060 2
1000 2048 1017 2076 ,
1039 2008 1104 2060 54
1123 2047 1140 2076 ,
1161 2026 1213 2077 p.
1236 2009 1353 2060 409.

599 2215 602 2220 ·
699 2191 706 2200 '
763 2177 911 2240 470.
961 2173 1128 2238 Inter
1149 2195 1341 2239 coenae
1375 2183 1434 2238 et
1464 2175 1786 2259 epularum
1815 2173 2257 2242 oblectamenta
2292 2176 2467 2241 lusus
2491 2225 2508 2260 ,
2538 2198 2694 2241 mu-

672 2291 832 2372 sica,
860 2289 1109 2353 saltatio.
1157 2290 1351 2352 Lusus
1381 2298 1441 2352 et
1471 2287 1726 2352 omnino
1756 2289 1818 2351 in
1860 2288 2145 2353 conviviis
2188 2290 2349 2353 inter
2376 2291 2513 2354 vina
2547 2291 2693 2354 sre-

670 2425 864 2491 quens
889 2451 906 2485 ‚
937 2413 1035 2485 et,
1066 2418 1216 2488 quos
1261 2401 1583 2465 amatorios
1613 2420 1824 2465 vocare
1852 2402 2034 2486 possis
2055 2451 2071 2484 ,
2111 2401 2340 2467 Graecis
2379 2404 2690 2489 praecipue

666 2519 941 2582 solennes
964 2565 980 2598 ‚
1002 2517 1303 2599 juvenum
1331 2516 1500 2578 lusus
1519 2563 1536 2598 ,
1569 2514 1777 2600 quales
1807 2515 2115 2598 cottabus‚
2147 2516 2421 2587 κέπιβος
2442 2564 2457 2591 ,
2477 2544 2689 2577 κοττα-

667 2627 836 2706 βίζειν
866 2628 891 2717 (
909 2651 960 2692 v.
993 2626 1282 2691 Schneid.
1314 2627 1468 2708 lex.)
1490 2676 1506 2709 ,
1544 2626 1610 2689 in
1636 2649 1792 2713 quo,
1818 2628 1958 2691 vino
1988 2650 2023 2692 e
2052 2630 2277 2716 scypho
2304 2632 2369 2696 in
2395 2632 2560 2696 aliud
2584 2654 2689 2694 vas

666 2741 948 2828 guttatim
979 2737 1232 2802 cadente
1259 2787 1276 2821 ,
1305 2760 1340 2802 e
1371 2758 1514 2802 sono
1544 2738 1621 2802 de
1650 2750 1848 2803 amato
1880 2734 2292 2824 conjiciebant
2324 2741 2387 2832 1)
2412 2793 2429 2827 ‚
2461 2766 2686 2829 pomo-

663 2876 806 2922 rum
842 2852 960 2920 uda
988 2853 1219 2918 semina
1246 2902 1263 2937 ‚
1303 2851 1541 2938 digitis,
1581 2864 1651 2917 ut
1680 2875 1985 2920 cameram
2034 2856 2294 2942 feriant,
2338 2880 2538 2944 pressa
2565 2856 2683 2947 2),

662 2983 725 3038 et
773 2971 1035 3035 talorum
1087 2990 1121 3033 e
1159 2979 1330 3053 Jactu
1379 2966 1520 3031 deos
1563 2968 1909 3055 amicasque
1950 2969 2366 3036 invocantium
2435 2975 2684 3059 propitii

660 3095 768 3151 aut
809 3080 1132 3148 aversantis
1170 3081 1361 3145 animi
1397 3082 1657 3168 auguria
1688 3078 1775 3168 3).
1824 3082 1961 3146 Alia
1989 3083 2156 3147 lusus
2188 3086 2339 3149 ratio
2371 3087 2436 3151 in
2471 3111 2680 3176 reqna

660 3201 805 3264 vini
837 3199 1070 3261 soret‘ri
1119 3195 1317 3269 talis,
1355 3195 1421 3258 in
1463 3218 1648 3284 quem
1699 3192 1775 3262 V
1771 3218 1931 3258 enus
1971 3196 2302 3262 arbitrum
2349 3199 2526 3265 dicet
2563 3202 2683 3265 In·-

660 3312 887 3388 dendz‘,
918 3325 979 3376 et
1008 3311 1308 3374 similibus
1340 3308 1434 3399 (§.
1469 3311 1660 3397 464.)
1691 3311 1917 3375 Musica
1947 3334 2268 3399 nunquam
2299 3337 2425 3379 non
2452 3337 2679 3381 mensae

660 3427 818 3491 socia
846 3449 861 3509 3
893 3446 1008 3488 nec
1059 3445 1301 3487 necesse
1356 3433 1443 3485 est
1484 3423 1618 3505 ejus
1671 3424 1884 3488 Romae
1934 3423 2001 3488 in
2054 3428 2343 3492 conviviis
2396 3453 2574 3494 usum
2604 3448 2611 3453 ·
2644 3402 2703 3496 ειτ

659 3540 889 3604 Graecis
937 3549 1248 3624 repetere,
1296 3537 1461 3623 apud
1511 3560 1662 3623 quos
1716 3539 1809 3602 vix
1862 3542 2121 3625 separari
2166 3565 2201 3605 a
2238 3545 2681 3610 comissationis

658 3652 961 3717 hilaritate
1003 3661 1275 3737 poterat,
1306 3651 1372 3715 in
1403 3651 1754 3738 symposiis‚
1808 3653 2011 3739 qualia
2048 3677 2082 3718 e
2115 3656 2321 3721 multis
2354 3682 2544 3744 pauca
2575 3683 2683 3725 su-

659 3777 875 3853 perant
912 3764 1404 3854 (Xenophontis,
1442 3765 1744 3847 PlatoniS,
1787 3766 2177 3858 Plutarchi),
2216 3772 2441 3855 primas
2480 3786 2680 3859 partes

659 3886 892 3942 tenens.
923 3877 1042 3942 Sed
1082 3878 1281 3943 Graeci
1316 3879 1532 3965 utique
1569 3879 1755 3943 moris
1785 3881 1850 3946 in
1888 3883 2183 3946 convivali
2221 3886 2455 3952 musica
2496 3889 2678 3954 cele—

659 3990 828 4055 brata
859 3988 934 4053 ad
972 3990 1184 4057 tibiam
1209 3992 1454 4057 mimica
1483 3995 1847 4080 plerumque
1876 3997 2108 4061 saltatio
2131 4046 2147 4080 ,
2174 3998 2514 4091 eademque
2542 4005 2677 4072 fere
2774 4036 2779 4041 ·
