3111 4829
1575 365 1825 449 (242)

695 479 991 586 dulserit,
1016 510 1221 564 nostra
1249 497 1502 563 demum
1531 508 1707 563 oetate
1728 498 1995 564 lucidius
2016 502 2297 586 apparuit
2316 549 2333 584 ‚
2364 523 2549 588 opera
2568 504 2709 591 ejus

686 643 721 685 a
749 620 885 682 viris
909 615 1098 680 doctis
1123 600 1390 677 severius
1412 634 1657 679 excussa
1682 611 1783 701 6),
1802 614 1963 677 inter
1987 636 2140 701 quos
2163 615 2395 681 eminet
2416 614 2707 702 Dirksen,

681 753 828 797 cum
867 729 1001 794 aliis
1041 727 1276 814 scriptis
1328 722 1412 820 7)
1461 725 1538 790 de
1584 725 2089 813 jurisprudentia:
2135 750 2404 793 romanae
2451 728 2709 798 historia

686 843 1009 930 studioque
1029 892 1046 926 ,
1079 853 1213 905 tum
1245 839 1324 904 de
1351 841 1473 905 XII
1502 841 1751 907 Tabulis
1789 842 1856 905 in
1894 864 2077 929 opere
2109 841 2228 908 hoc
2265 856 2707 930 argumentum

683 968 981 1023 tractante
1025 952 1110 1044 8)
1175 956 1423 1042 egregie
1464 956 1740 1020 meritus.
1791 955 1993 1043 Atque
2035 956 2153 1022 hoc
2198 959 2508 1024 intuentes
2552 982 2705 1045 nos,

684 1093 881 1157 quum
910 1068 1326 1133 statuissemus
1348 1069 1494 1150 uni,
1532 1090 1719 1154 quam
1753 1068 1818 1132 in
1844 1068 2111 1134 secunda
2151 1068 2342 1154 hujus
2379 1071 2524 1135 libri
2558 1070 2707 1136 edi-

676 1184 846 1247 tione
885 1181 1204 1265 dedimus,
1250 1180 1745 1247 Gothofredianae
1792 1182 2017 1247 tabulae
2053 1193 2296 1249 caeteras
2331 1183 2706 1271 adjungere,

677 1297 1042 1380 maluimus,
1074 1294 1383 1361 Dirksenii
1414 1294 1652 1360 tabulas
1691 1293 1761 1382 9)
1802 1318 1838 1360 e
1879 1308 2216 1362 memorato
2247 1298 2383 1383 ejus
2408 1299 2564 1363 libro
2597 1299 2706 1363 in·

677 1420 941 1474 serentes
961 1458 980 1492 ,
1021 1408 1283 1473 sinceras
1316 1406 1689 1494 easdemque
1711 1457 1730 1492 ,
1761 1430 1797 1473 e
1836 1408 1969 1494 Caji
1993 1409 2497 1476 Institutionum
2525 1411 2704 1494 locis,

676 1523 978 1608 pleniores
1014 1522 1340 1609 reliquias,
1378 1544 1568 1608 quam
1610 1545 1682 1587 ex
1714 1534 1885 1607 parto
1923 1522 2212 1587 confictas
2254 1523 2580 1609 exhibere3
2619 1525 2707 1591 ita

674 1647 915 1720 tamen,
942 1648 1011 1700 ut
1052 1636 1315 1721 primam
1338 1633 1701 1699 Gothofrcdi
1743 1635 2017 1699 tabulam
2049 1637 2313 1721 exempli
2356 1659 2538 1704 causa
2571 1660 2706 1703 ser-

673 1770 961 1814 varemus
994 1743 1125 1835 10).

737 1886 791 1949 1)
813 1885 893 1934 Sic
908 1883 1166 1934 adfirmare
1184 1884 1352 1948 liceat,
1370 1889 1596 1935 veterum
1612 1884 1911 1949 scriptorum
1931 1885 1994 1934 de
2010 1884 2185 1949 legatis
2206 1884 2259 1935 in
2279 1887 2521 1936 Graeciam
2544 1887 2706 1939 missis

675 1974 954 2025 testimonia
979 1974 1133 2038 pluris
1157 1973 1387 2038 facienti,
1421 1990 1573 2038 quam
1606 1976 1943 2025 recentiorum
1966 1977 2309 2041 quorundum,
2329 1983 2510 2026 nostra
2549 1980 2703 2030 etiam

673 2063 830 2111 oetstis
851 2097 865 2124 ,
889 2061 966 2108 vel
1005 2059 1393 2124 dubitationem,
1423 2060 1502 2108 vel
1535 2060 1812 2125 simplicem
1847 2060 1969 2110 adeo
2004 2061 2058 2109 in
2087 2063 2386 2111 contrariam
2408 2066 2704 2116 sententiam

674 2151 1112 2200 adseverationem.
1144 2151 1216 2199 Ex
1244 2151 1320 2199 his
1344 2150 1675 2199 Mucieiowski
1691 2186 1709 2216 ‚
1745 2152 1887 2200 Hm.
1928 2150 2051 2200 Jur.
2092 2151 2244 2202 Rom.
2280 2153 2422 2218 praef.
2447 2170 2500 2218 p.
2533 2154 2600 2219 5,
2638 2155 2704 2205 de

670 2242 914 2305 legatione
936 2241 1021 2289 illa
1058 2242 1111 2288 in
1134 2240 1374 2289 Groeciam
1398 2245 1627 2304 susceptu
1652 2239 1842 2288 fabulas
1866 2239 2021 2288 aniles
2045 2254 2075 2288 ι
2097 2240 2236 2289 Livio
2258 2248 2308 2291 et
2331 2240 2567 2307 Dionysio
2588 2244 2702 2293 1121.

676 2331 943 2394 confictas,
970 2329 1227 2393 idemque,
1253 2346 1305 2394 p.
1326 2329 1391 2378 54
1411 2365 1427 2395 ,
1451 2329 1502 2377 in
1527 2328 1650 2378 locis
1671 2329 1921 2377 Ciceronis
1941 2330 2003 2377 de
2029 2328 2315 2393 Republica
2336 2329 2526 2398 operis,
2549 2333 2584 2380 Ξ
2594 2368 2615 2398 ,
2639 2332 2706 2382 56

672 2427 724 2469 et
746 2420 808 2468 57
829 2457 845 2483 ,
866 2427 916 2467 et
932 2455 948 2482 ,
975 2420 1093 2482 (uhi
1113 2420 1214 2483 ipse
1232 2419 1415 2467 fmstm
1436 2420 1558 2483 quid
1578 2420 1780 2483 quaesivi
1798 2418 1847 2484 ,)
1873 2420 1924 2480 5,
1949 2419 2012 2468 57
2027 2456 2044 2484 ,
2061 2421 2260 2469 nullom
2271 2455 2290 2485 ,
2310 2422 2381 2470 ait
2401 2426 2702 2474 montionem

677 2504 848 2570 leynam
872 2525 900 2555 e
926 2508 1127 2555 Groecs'a
1149 2508 1415 2572 petitarum
1440 2508 1570 2558 fieri.
1589 2510 1730 2571 Quod
1750 2509 1874 2557 mibi
1911 2508 2111 2571 quidem
2133 2509 2268 2558 locos
2290 2510 2399 2559 illos
2416 2548 2434 2577 ,
2475 2518 2526 2561 et
2544 2550 2559 2577 ,
2583 2513 2706 2576 quid

671 2599 786 2646 satis
806 2596 890 2645 hic
922 2597 1096 2644 dixisse
1116 2596 1343 2644 Ciceroni
1366 2596 1543 2660 fuerit,
1570 2596 1902 2646 consideranti
1918 2632 1934 2660 ,
1957 2596 2065 2644 leve
2089 2605 2474 2666 argumentum5
2498 2602 2695 2664 gravius

671 2694 845 2737 contra
859 2724 875 2751 ‚
898 2686 1035 2750 quod
1056 2685 1188 2735 idem
1210 2687 1382 2737 Cicero
1401 2723 1418 2749 ,
1442 2689 1505 2736 de
1528 2689 1674 2737 Ome.
1701 2689 1726 2737 1
1750 2725 1767 2751 ,
1789 2687 1855 2738 4⁴
1869 2724 1887 2751 ,
1926 2687 2249 2738 bibliothecas
2283 2693 2562 2742 mehercule
2591 2709 2700 2742 om-

668 2782 819 2827 nium
837 2776 1251 2840 philosophorum
1270 2811 1287 2839 ,
1328 2776 1554 2824 Crassum
1596 2776 1871 2825 exclamant
1883 2792 1962 2825 em
2001 2777 2145 2841 fingit
2161 2814 2178 2842 ,
2213 2796 2354 2829 unus
2394 2782 2525 2829 milui
2559 2783 2702 2831 eide-

584 2886 589 2893 ι
670 2875 760 2915 eur
794 2864 924 2915 XII
942 2864 1264 2913 Tabularum
1288 2862 1521 2929 meum,
1561 2864 1619 2912 81
1654 2866 1797 2929 Qms
1833 2865 2043 2914 imum
2084 2866 2318 2916 rom-Es
2355 2869 2431 2917 m·
2465 2868 2699 2919 cmi-A

672 2954 935 3004 vmlfflu·
952 2990 967 3017 ,
991 2961 1040 3002 et
1057 2956 1375 3003 auctoritatis
1386 2955 1619 3019 pondere
1640 2961 1689 3003 et
1710 2956 1950 3005 utilitatis
1972 2956 2196 3006 ubertate
2215 2975 2459 3022 superare
2474 2976 2495 3007 .·
2519 2960 2701 3023 quibus

670 3050 833 3111 addit,
858 3052 1097 3111 quantum
1121 3047 1384 3111 prudentia
1420 3048 1605 3096 Graecis
1626 3047 1835 3097 Romani
1859 3049 2178 3113 praestiterint
2195 3086 2211 3114 ‚
2241 3050 2434 3099 facilius
2456 3052 2696 3118 intelligi,

669 3142 711 3189 si
746 3154 863 3189 cum
896 3137 1121 3203 Lycurgo
1138 3173 1154 3197 ‚
1198 3137 1421 3189 nmcone
1451 3143 1505 3186 et
1541 3139 1719 3187 Solone
1755 3140 1887 3200 leges
1923 3138 2157 3187 Romano
2195 3140 2547 3191 conserantur:
2587 3158 2702 3206 quo

670 3233 852 3278 cuncta
866 3264 883 3293 ,
906 3241 1051 3275 nemo
1074 3241 1175 3273 non
1194 3225 1329 3274 videt
1342 3262 1359 3290 ,
1383 3242 1534 3289 quam
1565 3241 1762 3290 prorsus
1783 3242 1883 3274 non
1903 3232 2185 3291 congruent
2204 3227 2396 3292 legibus
2414 3267 2431 3295 ,
2455 3247 2578 3295 quas
2599 3232 2702 3283 sive

674 3323 798 3366 totas
814 3350 833 3379 ,
874 3315 974 3363 sive
1014 3319 1155 3377 parte
1187 3318 1379 3362 tentum
1404 3328 1433 3361 a
1456 3314 1640 3362 Graecis
1673 3320 1918 3364 mutuatas
1939 3315 2112 3364 Cicero
2152 3317 2455 3367 credidisset.
2480 3320 2546 3368 At
2564 3321 2699 3370 enim

672 3419 835 3467 neque
863 3402 972 3450 haec
993 3401 1097 3465 ipse
1115 3437 1131 3463 ,
1158 3417 1320 3465 neque
1343 3402 1543 3451 omnino
1568 3417 1596 3450 a
1617 3402 1855 3451 Cicerone
1890 3402 1952 3453 de
1991 3403 2330 3466 antiquissima
2361 3406 2698 3457 Romanorum

674 3490 1066 3559 jurisprudentia
1102 3490 1248 3539 variis
1286 3490 1409 3540 locis
1425 3528 1442 3555 ,
1476 3497 1557 3555 et,
1588 3498 1646 3541 ut
1682 3508 1854 3541 verum
1890 3493 2131 3542 fateamur
2148 3529 2163 3557 ,
2196 3494 2331 3541 varie
2366 3511 2568 3560 quoque
2604 3513 2703 3546 neo

678 3578 1010 3631 concordibus
1031 3578 1283 3627 sententiis
1315 3579 1449 3629 dicta
1466 3617 1483 3646 ,
1505 3582 1630 3630 tanti
1653 3582 1886 3647 ponderis
1907 3582 1969 3632 ad
2007 3599 2113 3632 rem
2151 3582 2477 3634 dirimendam
2498 3586 2700 3651 judiee-

671 3686 780 3718 mus
798 3707 813 3732 ,
839 3674 896 3717 ut
917 3666 1110 3715 Livium
1134 3674 1393 3733 propterea
1424 3676 1475 3719 et
1495 3670 1784 3737 Dionysium
1803 3708 1819 3736 ,
1864 3687 1964 3720 non
1979 3708 1995 3736 ,
2036 3672 2211 3736 opinor
2233 3709 2250 3736 ,
2295 3673 2378 3723 hic
2422 3675 2700 3742 fingentes,

671 3760 758 3807 sed
791 3759 1044 3820 vulgarem
1081 3748 1362 3821 opinionem
1404 3766 1627 3827 secutos,
1657 3777 1974 3827 respuemus:
2014 3776 2226 3825 quorum
2269 3763 2395 3811 alter
2420 3801 2436 3828 ,
2464 3765 2555 3830 1⁰,
2593 3766 2697 3830 52,

672 3859 858 3919 legatos
880 3894 897 3920 ‚
921 3862 980 3906 ut
1002 3858 1133 3922 apud
1154 3862 1349 3910 Graecos
1370 3862 1501 3927 leges
1540 3851 1873 3933 colligerent(
1899 3849 2021 3917 ratic
2063 3855 2188 3933 παρ’
2225 3850 2468 3921 Ελλῆνω
2510 3855 2694 3934 ’ὅμως

673 3934 1021 4017 ammaum)
1072 3956 1264 3998 creato·
1290 3988 1306 4017 ,
1358 3958 1409 4001 et
1436 3991 1452 4018 ,
1492 3953 1558 4002 10
1581 3992 1597 4018 ,
1658 3956 1722 4005 54
1748 3994 1765 4022 ,
1815 3957 1879 4007 ιι»
1929 3958 2135 4007 Atheni·
2190 3963 2241 4007 et
2295 3961 2479 4010 omnis
2536 3963 2697 4012 Italia

668 4039 951 4091 civitatibus
971 4058 1088 4095 cum
1110 4043 1300 4109 legibus
1325 4037 1348 4119 (
1373 4036 1615 4120 φίμντις
1673 4041 1796 4110 rotie
1854 4043 2038 4122 μίμους
2062 4040 2084 4126 )
2110 4069 2356 4123 reversos,
2397 4057 2562 4108 Livius
2603 4074 2697 4110 au·
