3111 4829
550 383 560 392 .
581 419 697 461 vm
1429 390 1773 440 Plumwrm.

506 534 511 539 ’
595 549 703 605 aut
758 535 826 599 in
867 524 1216 616 republica,
1266 515 1431 608 quod
1472 509 1892 578 doctissimum
1933 499 2354 568 Beaufortium
2388 496 2596 561 fecisse

586 651 883 730 vidimus,
939 636 1048 711 aut
1095 640 1164 703 in
1226 630 1457 700 caeteris
1512 624 1767 691 omnino
1826 632 2045 686 statum
2077 618 2299 709 :liberae
2341 610 2594 679 civitatis

588 789 713 833 non
760 758 1068 828 excedere.
1111 747 1274 817 Illud
1324 758 1530 810 tamen
1581 737 1973 805 manifestum
2017 743 2186 815 erat,
2233 740 2400 815 Justo
2438 728 2594 790 lon-

594 883 790 971 giores
836 897 944 940 nos
994 871 1158 951 fore,
1199 864 1248 928 si
1299 859 1377 927 ad
1405 868 1672 924 extrema
1719 848 1976 937 Imperii
2012 844 2280 913 Romani
2333 853 2606 925 tempora

591 1007 867 1063 veterum
908 984 1327 1050 institutorum
1373 988 1744 1055 morumque
1764 960 2260 1029 immutationem
2291 951 2605 1041 persequi,

595 1112 723 1174 imo
752 1102 801 1168 si
826 1099 1020 1165 multa
1037 1094 1341 1178 attingere
1378 1095 1622 1151 tantum
1659 1079 1936 1144 velimus.
1963 1073 2168 1155 Quare
2203 1091 2273 1136 ex
2300 1067 2607 1131 Caesarnm

597 1233 807 1303 aetate,
834 1226 909 1293 et,
931 1210 1235 1300 praecipue
1259 1205 1326 1270 in
1365 1202 1442 1266 iis
1462 1248 1480 1284 ,
1502 1217 1643 1286 quae
1669 1193 1747 1260 ad
1789 1187 2232 1276 rempublicam
2261 1180 2607 1269 pertinent,

599 1333 809 1425 paucis
863 1319 1322 1392 immorandum
1373 1310 1802 1380 constituimus
1829 1353 1847 1389 ,
1891 1300 2144 1368 extremi
2190 1292 2478 1381 temporis
2516 1290 2611 1354 vix

602 1446 940 1538 quidquam
968 1437 1315 1505 adferentes
1332 1478 1350 1515 ,
1387 1450 1423 1494 e
1453 1422 1758 1513 prioribus
1792 1429 1853 1483 et
1888 1436 2080 1504 pauca
2107 1423 2167 1477 et
2184 1411 2318 1474 haec
2338 1408 2616 1494 plerum-

604 1585 726 1653 que
745 1558 927 1626 verbo
948 1559 1375 1619 memorantes.
1409 1542 1781 1627 Quanquam
1813 1535 2078 1599 fatemur
2097 1578 2116 1613 ,
2153 1528 2238 1592 sic
2263 1521 2615 1589 necessitate

604 1676 801 1763 magis
819 1672 1028 1738 fecisse
1045 1718 1061 1751 ,
1087 1684 1271 1753 quam
1301 1677 1634 1748 persuasos,
1670 1653 1978 1717 Caesarum
2002 1654 2062 1708 et
2083 1639 2342 1706 labentis
2363 1631 2621 1720 Imperii

606 1804 879 1875 tempora
926 1780 1181 1848 minoris
1226 1771 1525 1841 momenti
1570 1788 1695 1832 esse
1734 1779 2098 1849 cognoscere
2114 1805 2132 1840 ,
2182 1773 2369 1841 quam
2407 1746 2619 1812 liberae

610 1901 864 1971 civitatis
904 1896 1220 1974 instituta;
1259 1886 1488 1953 etenim
1516 1884 1700 1967 longe
1724 1877 1900 1942 aliter
1926 1869 2239 1939 sentimus.
2275 1858 2615 1948 Sed,quod

610 2040 782 2085 nunc
809 2011 1113 2102 prolixitas
1132 2002 1377 2072 vitanda
1397 1999 1632 2082 vetuit,
1661 1989 1974 2081 siquando
2001 1989 2201 2053 facere
2223 1981 2373 2047 ratio
2401 1989 2461 2043 et
2480 1975 2619 2040 dis-

614 2135 888 2203 centium
929 2124 1177 2194 suadeat
1213 2140 1360 2185 usus
1385 2165 1403 2201 ,
1460 2132 1707 2200 operam
1752 2103 2035 2171 dabimus
2059 2149 2077 2184 ,
2114 2109 2185 2163 ut
2211 2090 2575 2181 opusculum
2602 2136 2620 2168 ,

615 2252 804 2320 altera
824 2253 997 2331 parte
1019 2257 1314 2305 mancum
1332 2280 1349 2314 ‚
1371 2241 1635 2313 utraque
1656 2219 1969 2309 aequaliter
2000 2192 2346 2280 absolutum
2369 2203 2621 2293 prodeat

617 2360 735 2457 (*).
753 2362 889 2426 Jam
908 2377 1050 2422 vero
1062 2351 1141 2419 ad
1160 2350 1388 2413 litteras
1410 2353 1690 2427 artesque
1715 2332 1879 2424 quod
1901 2330 2358 2412 attinet,neque
2369 2321 2501 2384 illas
2522 2339 2632 2381 nos

616 2495 861 2565 prorsus
902 2460 1266 2534 omittendas
1305 2455 1661 2523 censuimus
1684 2499 1702 2532 ,
1743 2446 1848 2512 sed
1882 2444 2238 2523 theoriam,
2277 2447 2349 2500 ut
2376 2442 2591 2498 vocant
2616 2480 2633 2513 ,

620 2611 745 2655 non
780 2583 975 2671 magis
1003 2581 1070 2644 in
1090 2575 1225 2658 his,
1254 2592 1440 2659 quam
1463 2569 1532 2631 in
1562 2565 1694 2629 aliis
1721 2559 2154 2644 antiquitatum
2175 2549 2447 2636 partibus
2477 2558 2637 2608 trac—

623 2700 869 2768 tandam
888 2747 904 2780 ,
928 2694 1243 2759 mittentes
1260 2733 1278 2769 ,
1303 2706 1373 2749 ex
1400 2681 1475 2744 iis
1498 2659 1695 2765 pauca
1723 2669 2056 2737 adferimus
2082 2714 2099 2750 ,
2133 2682 2271 2750 quae
2296 2659 2636 2722 litterarum

625 2815 972 2897 artiumque
994 2799 1333 2889 antiquaria
1363 2815 1491 2860 non
1511 2783 1776 2856 absurde
1810 2780 2113 2867 adpellare
2136 2773 2321 2861 possis
2344 2821 2361 2856 ,
2379 2764 2639 2855 utraque

627 2925 979 3015 cognitione
1002 2929 1063 2985 et
1089 2914 1227 3004 utili
1247 2923 1308 2978 et
1335 2903 1636 2994 jucunda.
1655 2897 1884 2966 Eadem
1908 2913 2087 2980 porro
2114 2889 2265 2955 ratio
2289 2907 2399 2950 nos
2417 2882 2642 2964 movit,

632 3055 701 3109 ut
725 3037 975 3126 Imperii
1001 3027 1266 3099 Romani
1286 3030 1681 3108 conspectum
1704 3006 2181 3102 geographicum
2203 3001 2643 3087 adjiceremus»,

630 3157 821 3245 ipsius
853 3148 1033 3217 Urbis
1075 3135 1537 3228 antiquitatibus
1569 3152 1692 3195 non
1729 3128 1912 3214 plane
1953 3120 2222 3203 omissis,
2262 3117 2325 3180 in
2361 3110 2648 3178 omnibus

631 3268 913 3336 videlicet
956 3262 1136 3327 latius
1178 3262 1484 3341 patentem
1512 3247 1684 3312 illam
1725 3239 1910 3306 studii
1940 3238 2248 3302 intuentes
2285 3227 2605 3294 utilitatem
2630 3273 2647 3308 ,

636 3404 824 3473 quam
848 3397 1026 3463 supra
1049 3368 1318 3437 diximus
1341 3413 1359 3449 ,
1379 3363 1476 3427 his
1505 3369 1712 3426 autem
1741 3353 1983 3441 planius
2011 3348 2408 3414 declaramus.

726 3495 925 3584 Igitur
953 3483 1386 3573 antiquitatum
1417 3473 1602 3541 studii
1640 3490 1931 3557 magnam
1964 3485 2090 3530 esse
2116 3458 2440 3526 utilitatem
2460 3499 2477 3534 ,
2503 3472 2652 3515 ma—

646 3634 840 3703 gnum
893 3607 972 3673 ad
1002 3600 1319 3669 liberalem
1359 3588 1839 3659 adolescentium
1880 3576 2325 3646 institutionem
2367 3587 2658 3631 momen-

643 3740 776 3793 tum
802 3774 818 3809 ,
844 3723 893 3787 si
912 3719 1048 3808 quis
1083 3723 1309 3801 neget,
1347 3706 1515 3773 idem
1558 3703 1837 3768 universe
1857 3692 2096 3782 judicet
2119 3737 2137 3772 ,
2160 3704 2404 3751 necesse
2426 3688 2515 3744 est
2545 3676 2657 3763 ,de

715 3941 782 3999 θ’)
815 3936 920 3983 noc
958 3927 1161 3980 consilio
1198 3924 1354 3974 multa
1393 3918 1561 3978 multis
1603 3913 1726 3963 loeis
1767 3904 1961 3972 adjeci,
2001 3899 2123 3963 quin
2142 3934 2158 3960 ,
2182 3893 2315 3960 quod
2344 3892 2664 3940 vehementer

648 4029 929 4097 cupiebam,
953 4023 1200 4082 integrum
1220 4018 1447 4080 praestare
1466 4011 1569 4074 jam
1591 4000 1811 4062 licuerit,
1826 3995 2008 4045 molem
2028 3988 2210 4040 laboris
2241 3991 2293 4035 et
2311 3982 2500 4034 viribus
2520 3978 2664 4041 meis,

649 4135 818 4174 verear
838 4154 854 4185 ,
880 4114 1115 4178 majorem
1135 4144 1151 4174 ,
1173 4110 1224 4156 et
1238 4101 1533 4153 lectionibus
1550 4098 1684 4164 justo
1706 4089 2010 4154 ampliorem.
2032 4137 2042 4151 ,
