3111 4829
1507 377 1531 459 (
1572 374 1755 456 256‘)

715 508 864 593 262.
900 507 936 573 J
941 507 1063 573 uris
1109 508 1347 572 romani
1381 527 1518 593 pars
1560 508 1802 595 legibus
1825 554 1844 590 ‚
1890 509 1958 572 in
1989 509 2190 595 iisque
2236 508 2356 574 XII
2389 506 2641 574 tabula-

626 646 767 691 rum
790 672 807 707 ‚
845 644 977 709 pars
1006 620 1140 706 jure
1182 619 1510 686 honorario
1535 670 1552 704 ‚
1596 620 1718 685 sive
1757 643 1793 686 a
1836 621 2295 709 magistratibus
2335 620 2592 685 inducto
2621 670 2639 704 ‚

624 747 765 826 pars
798 738 906 821 iis,
937 758 1073 823 quae
1104 759 1140 800 a
1171 732 1544 821 prudentum
1584 734 1940 800 auctoritate
1983 746 2045 800 ct
2080 733 2490 820 disputatione
2525 733 2644 797 fori

626 862 871 938 recepta
905 861 1047 916 sunt
1069 898 1087 933 ,
1122 872 1261 935 pars
1289 849 1646 936 Principum
1686 851 2223 915 constitutionibus
2253 848 2643 915 continetur.

644 971 791 1034 Hoec
816 967 962 1031 alias
999 943 1204 1028 o’mnia
1232 1011 1249 1046 ‚
1282 963 1427 1028 alias
1453 1013 1470 1046 ‚
1515 965 1759 1028 excluso
1786 962 2110 1027 honorario
2131 1013 2147 1046 ,
2173 963 2279 1046 jus
2317 962 2496 1026 civile
2535 984 2650 1027 ve·-

637 1095 828 1164 tereS,
863 1077 1296 1164 interdumque
1316 1075 1465 1141 adeo
1501 1078 1690 1140 solam
1716 1077 2139 1142 auctoritatem
2162 1075 2543 1162 prudentum
2585 1087 2649 1141 et

630 1189 1098 1279 disputationem
1131 1189 1248 1255 fori
1298 1191 1383 1255 sic
1414 1188 1797 1275 adpellarunt
1824 1188 1909 1279 1).
1957 1189 2031 1255 In
2055 1192 2202 1276 jure
2236 1192 2428 1278 igitur
2475 1192 2642 1258 civili

631 1308 1054 1396 Romanorum
1087 1303 1550 1391 distinguuntur
1586 1305 1679 1368 lex
1711 1305 2004 1370 strictiore
2044 1306 2204 1369 vocis
2243 1328 2423 1371 sensu
2449 1354 2466 1389 ,
2509 1306 2650 1391 ple-

633 1419 921 1485 biscitum
947 1468 965 1502 ‚
997 1418 1582 1483 senatusconsultum
1603 1465 1620 1500 ,
1655 1416 1851 1483 edicta
1883 1466 1900 1501 ,
1959 1399 2286 1504 disputatio
2336 1417 2451 1482 fori
2473 1466 2491 1501 ‚
2526 1439 2650 1482 res-

631 1557 821 1622 ponsa
861 1532 1236 1621 prudentum
1263 1580 1291 1615 ‚,
1313 1531 1673 1615 Principum
1702 1527 1987 1616 rescripta
2007 1577 2032 1609 ,
2068 1530 2558 1596 constitutiones·

722 1648 949 1733 Legem
1004 1645 1263 1731 populus
1321 1642 1584 1708 comitiis
1639 1641 1888 1706 curiatis
1943 1651 2004 1706 et
2049 1642 2404 1707 centuriatis
2429 1691 2447 1727 ‚
2520 1664 2594 1708 ea
2619 1691 2638 1726 ‚

634 1745 821 1849 quam
861 1765 922 1849 ς.
968 1761 1111 1824 159.
1156 1780 1285 1845 sqq.
1314 1756 1737 1843 exposuimus,
1776 1756 2009 1822 ratione
2045 1777 2235 1843 propo
2252 1757 2429 1821 sitam
2462 1757 2656 1842 jube-

614 1876 781 1958 bat,
830 1869 1215 1960 plebiscitum
1254 1872 1423 1959 plebs
1454 1922 1472 1955 ‚
1516 1879 1768 1960 rogante
1814 1872 2171 1960 magistratu
2214 1871 2416 1958 plebej
2441 1893 2497 1936 ο.
2540 1874 2656 1935 Se-

528 2057 531 2060 ,
632 1989 1086 2053 natusconsulta
1130 1983 1411 2076 (§.177.
1443 1983 1469 2073 )
1496 1987 1660 2050 auin
1683 1987 1875 2050 libera
1895 1986 2084 2052 etiam
2106 1986 2352 2052 civitate
2376 2006 2614 2070 semper
2636 2033 2656 2069 ‚

636 2116 698 2169 et
742 2115 1041 2192 quatenus
1082 2104 1148 2168 in
1177 2101 1448 2167 fontibus
1473 2101 1633 2186 juris
1669 2100 1861 2166 civilis
1902 2100 2190 2187 ponenda
2219 2150 2237 2186 ‚
2274 2100 2660 2188 quaesitum3

636 2218 805 2284 haud
850 2218 1138 2305 ambigue
1191 2226 1428 2304 ponunt
1475 2214 1742 2281 Baebius
1794 2225 1857 2280 et
1895 2217 2094 2303 Ilugo
2147 2212 2239 2302 2).
2285 2216 2405 2281 Lex
2443 2216 2660 2280 ambos

638 2331 881 2397 ordines
908 2382 925 2417 ,
961 2331 1348 2419 plebiscitum
1384 2340 1526 2395 ante
1563 2330 1765 2417 legem
1798 2328 2112 2394 Horatium
2138 2327 2165 2420 (
2185 2325 2247 2408 §.
2302 2331 2451 2395 170.
2477 2325 2504 2417 >
2528 2329 2659 2416 ple-

634 2447 807 2532 bejos
855 2457 1097 2512 tantum
1150 2444 1435 2511 devinxit.
1497 2442 1724 2511 Edicta
1764 2441 2127 2507 dividuntur
2184 2442 2252 2506 in
2307 2444 2547 2509 urbana
2598 2456 2684 2510 et·

639 2559 1031 2646 provincialia
1050 2604 1067 2639 ,
1088 2550 1351 2643 utraque
1389 2557 1612 2642 partim
1647 2557 2012 2640 temporaria
2038 2557 2065 2645 (
2090 2555 2505 2646 repentina),
2535 2559 2660 2624 sive

642 2684 807 2737 extra
858 2671 1138 2736 ordinem
1187 2671 1489 2756 proposita
1520 2719 1538 2752 ‚
1590 2671 1851 2756 partim,
1896 2682 1964 2734 ut
2008 2692 2226 2735 annua
2276 2672 2608 2738 Praetorum
2639 2721 2657 2757 ,

636 2796 954 2873 perpetua.
984 2784 1469 2871 Disputationem
1491 2783 1641 2868 fori,
1669 2807 1703 2849 e
1730 2776 2033 2850 veteribus
2068 2788 2178 2850 soli
2197 2787 2532 2874 Pomponio
2558 2785 2654 2881 3),

640 2900 774 2964 loco
804 2899 1095 2985 obscuro,
1142 2910 1539 2964 memoratam
1565 2946 1582 2981 ‚
1623 2899 1729 2963 alii
1766 2910 2145 2965 conventum
2180 2898 2246 2989 4)
2273 2902 2662 2987 jureconsul-

641 3024 847 3078 torum
887 3012 966 3078 ad
1003 3014 1108 3098 jus
1147 3011 1571 3077 definiendum
1596 3060 1613 3095 ‚
1643 3011 1750 3077 alii
1788 3013 1893 3097 jus
1923 3035 1957 3076 e
1999 3013 2180 3078 rebus
2227 3015 2506 3080 similiter
2540 3015 2665 3100 ju—

642 3126 854 3193 dicatis
881 3138 1096 3192 natum
1124 3126 1477 3210 intelligunt
1503 3122 1592 3213 5).
1633 3125 1942 3212 Responsa
1984 3127 2359 3214 prudentum
2386 3127 2476 3218 6)
2505 3129 2667 3195 dici-.-

642 3263 782 3306 mus
798 3290 815 3325 ,
849 3263 985 3328 quae
1001 3239 1438 3325 jureconsulti,
1461 3239 1750 3325 rescripta
1768 3239 2129 3326 Principum
2145 3290 2162 3325 ,
2187 3265 2324 3329 qnae
2342 3242 2664 3331 Principes

641 3352 718 3437 de
759 3355 1017 3442 singulis
1057 3355 1219 3439 juris
1249 3355 1688 3441 quaestionibus
1726 3353 1970 3420 dabant.
2010 3358 2086 3420 In
2126 3357 2666 3423 constitutionibus

638 3466 1028 3553 distinguunt
1049 3468 1360 3553 generales
1382 3467 1584 3557 (leges
1604 3466 1887 3533 edictales
1902 3517 1919 3552 ‚
1949 3468 2149 3534 edicta
2172 3467 2199 3556 )
2226 3480 2289 3534 et
2318 3473 2664 3557 personales

641 3579 997 3670 (mandata,
1027 3577 1342 3669 decreta),
1385 3603 1507 3669 quo
1558 3583 1743 3646 etiam
1780 3582 2110 3649 trahuntur
2154 3584 2444 3671 rescripta
2474 3583 2568 3674 7).

710 3741 761 3806 1)
784 3743 862 3792 Cf.
885 3742 1125 3792 nackeld.
1152 3739 1196 3811 §.
1221 3742 1304 3792 52.
1334 3743 1410 3792 Ad
1430 3745 1564 3793 vocis
1586 3761 1729 3794 usum
1751 3744 2038 3795 referendus
2052 3747 2152 3795 loc.
2171 3747 2277 3795 Cic.
2293 3765 2352 3811 p.
2379 3749 2506 3798 Coec.
2527 3749 2579 3812 2,
2599 3777 2665 3787 —-

643 3837 819 3879 utnon
835 3832 896 3879 de
910 3832 1226 3896 improbitate
1237 3849 1280 3881 e.
1293 3833 1494 3882 AEbutia·
1511 3835 1602 3882 sed
1616 3835 1808 3897 dejure
1830 3836 2239 3897 civilt'judict'um
2258 3836 2377 3899 fieri
2388 3838 2666 3888 videretur.

642 3918 717 3965 Cs.
740 3924 792 3966 et
818 3919 923 3968 Liv.
947 3922 1008 3985 9,
1032 3922 1124 3988 46,
1144 3923 1289 3971 civile
1301 3923 1687 3986 jus-evulqanie.
1707 3920 1767 3965 ,ἑ-
1790 3923 1842 3986 2)
1863 3923 1926 3970 V.
1945 3924 2096 3972 Bach.
2121 3923 2264 3973 Hise.
2288 3924 2520 3989 Jun'spr.
2546 3926 2583 3973 1.
2611 3927 2666 3974 2.

641 4022 691 4055 c.
717 4005 827 4054 20.
853 4009 901 4057 2.
922 4006 966 4077 §.
987 4011 1012 4059 1
1031 4047 1046 4074 ,
1081 4011 1222 4073 Ilugo
1262 4011 1438 4059 Goecla.
1473 4012 1526 4057 d.
1566 4010 1636 4059 R.
1674 4009 1744 4060 R.
1772 4007 1818 4078 §.
1848 4010 1912 4059 59
1945 4016 1997 4059 et
2017 4011 2130 4061 106.
2171 4039 2236 4050 —
2262 4013 2315 4076 5)
2349 4013 2433 4061 Fr.
2458 4015 2508 4061 2.
2534 4011 2586 4079 ἓ.
2609 4014 2662 4063 5.

643 4096 872 4164 D1·9q.1.
895 4098 944 4148 2.
972 4128 1029 4139 -
1050 4100 1102 4164 4)
1123 4102 1346 4162 Eumque
1366 4099 1512 4161 vulgo
1535 4099 1598 4146 ad
1632 4101 1869 4164 templum
1893 4100 2133 4166 Apollinis
2148 4137 2166 4166 ,
2192 4103 2254 4151 ad
2284 4118 2389 4152 rem
2410 4103 2666 4161 trahentes
