3111 4829
1527 400 1552 482 (
1594 397 1716 461 296
1756 399 1782 480 )

739 536 889 604 283.
940 535 1216 601 Termini
1265 535 1468 600 cultus
1515 554 1553 598 a
1588 532 1819 615 Numa,
1860 542 1932 596 ut
1977 533 2192 597 multae
2243 533 2672 598 Romanorum

643 653 1002 738 religiones,
1044 647 1359 736 repetitur.
1391 648 1452 712 Is
1486 666 1729 710 sacrum
1758 666 1887 709 esse
1919 645 2148 728 sanxit,
2182 644 2294 732 qui
2328 643 2669 730 agrilimi—

648 776 775 833 tem
798 765 1071 829 violasset
1095 760 1185 851 1);
1206 761 1393 827 simul
1417 805 1434 842 ‚
1463 756 1807 824 concordiae
1831 756 2151 824 vinculum
2177 804 2196 841 ,
2229 758 2454 822 festum
2473 805 2491 841 ,
2515 757 2673 822 Ter-

647 877 906 944 minalia
926 924 945 961 ,
967 875 1269 955 instituit,
1286 872 1452 960 quod
1481 873 1550 936 in
1580 892 1871 960 agrorum
1892 870 2165 937 oonfinio
2189 870 2380 935 vieini
2407 868 2682 936 celebra-

649 1002 806 1056 rent.
832 990 1144 1055 Exstrueta
1159 985 1237 1051 de
1257 985 1482 1072 cespite
1502 1008 1607 1050 ara
1625 1032 1644 1069 ,
1659 1007 1921 1052 munera
1941 985 2133 1068 ruris,
2162 984 2376 1071 fruges
2389 1031 2408 1067 ,
2432 983 2673 1068 vinum,

652 1104 779 1168 mel
808 1103 880 1165 in
899 1101 1185 1165 flammas
1210 1098 1623 1183 conjiciebant
1645 1122 1663 1183 3
1692 1110 1825 1186 post
1859 1120 2086 1186 agnam
2104 1097 2355 1185 quoque
2378 1108 2489 1162 aut
2516 1119 2677 1184 por-

647 1239 787 1281 cam
830 1214 1255 1296 immolantes»,
1299 1212 1481 1297 cujus
1530 1214 1839 1301 sanguine
1884 1212 1988 1278 dei
2040 1211 2482 1295 simulacrum,
2521 1210 2675 1296 lapis

647 1330 901 1415 stipesve
940 1349 1115 1415 agros
1166 1349 1449 1414 separans
1471 1375 1489 1411 ,
1530 1327 2035 1416 adspergebatur.
2071 1325 2358 1392 Eundem
2396 1327 2568 1391 sertis
2612 1336 2676 1389 et

649 1442 791 1505 libis
819 1440 1166 1524 donabant,
1192 1440 1438 1528 hymnis
1458 1463 1711 1529 quoque
1738 1441 2058 1508 laudantes
2084 1438 2175 1527 2).
2195 1440 2523 1506 Notissima
2544 1437 2681 1523 ejus

648 1555 892 1620 suitam
922 1555 992 1619 in
1032 1564 1242 1621 monte
1266 1554 1607 1640 Capitolino
1630 1578 1648 1638 ;
1679 1553 1791 1619 ubi
1815 1576 2015 1642 quum
2036 1552 2344 1640 templum
2366 1553 2501 1618 Jovi
2521 1573 2677 1617 oon-

650 1665 924 1732 dendum
946 1714 966 1751 ,
1006 1665 1392 1753 interrogatis
1428 1665 1579 1750 diis,
1623 1688 1892 1753 quorum
1929 1687 2007 1731 eo
2044 1666 2176 1730 loeo
2203 1686 2325 1730 arae
2360 1676 2537 1731 erant
2571 1675 2681 1729 aut

651 1780 866 1845 sacella
889 1826 907 1862 ,
945 1779 1250 1843 vellentne
1281 1778 1421 1843 ‘Jovi
1452 1774 1721 1843 cedere?
1755 1779 1917 1845 solus
1935 1777 2264 1844 Terminus
2290 1779 2531 1844 restitit.
2571 1778 2675 1843 Sic

648 1908 752 1956 ara
774 1891 1001 1976 templo
1022 1890 1260 1971 inclusa
1281 1938 1299 1974 ,
1319 1890 1621 1956 foramine
1641 1914 1825 1978 supra
1848 1892 2099 1957 intecto
2117 1892 2359 1975 relicto,
2377 1891 2674 1979 quoniam

647 2004 764 2070 suh
800 2002 901 2068 dio
943 1999 1256 2068 colendus.
1291 2001 1635 2068 Obstinatio
1665 2004 1941 2070 Termini
1982 2006 2249 2070 faustum
2289 2026 2475 2070 omen
2513 2003 2641 2070 visa.
2661 2051 2680 2086 ,

645 2115 871 2202 pignus
904 2114 1145 2178 immoti
1168 2114 1293 2179 suis
1328 2115 1561 2179 finibus
1598 2116 1881 2202 imperii,
1909 2117 1994 2182 ita
2033 2128 2238 2184 tamen
2258 2166 2278 2202 ,
2313 2128 2385 2182 ut
2410 2116 2671 2204 proferri

647 2240 889 2315 possent
911 2232 950 2293 3
974 2228 1024 2318 ).

711 2343 761 2410 ι)
784 2343 859 2392 cr.
877 2343 1011 2392 mut.
1035 2341 1089 2391 in
1110 2339 1290 2396 Numa
1311 2342 1512 2409 nionys.
1539 2343 1602 2409 2,
1624 2342 1706 2395 ⁷4.
1722 2370 1788 2384 -
1811 2343 1958 2410 mcc.
1981 2344 2124 2394 ovid.
2148 2344 2297 2398 Fau.
2316 2346 2380 2410 a,
2401 2345 2520 2410 641,
2537 2334 2676 2411 sqq,

644 2424 756 2478 Tib.
776 2425 835 2493 1,
858 2430 907 2493 1,
930 2425 992 2478 15
1015 2427 1150 2494 (11),
1183 2446 1305 2478 uam
1343 2446 1576 2495 veneror,
1593 2447 1684 2479 seu
1705 2435 1859 2496 stipes
1875 2430 2022 2481 habet
2037 2433 2263 2481 desertus
2297 2435 2355 2482 s‘n
2395 2436 2564 2498 agris,
2587 2451 2679 2483 seu

643 2523 784 2567 vestas
810 2521 869 2567 δη
891 2520 1038 2567 trivio
1054 2521 1210 2584 florea
1242 2526 1374 2567 serta
1402 2520 1566 2603 loeis,
1603 2523 1701 2569 etc.
1728 2548 1787 2558 -
1808 2519 1873 2585 5)
1899 2519 1974 2569 Cf.
1994 2520 2102 2569 Liv.
2124 2520 2182 2586 1,
2203 2518 2298 2585 55,
2324 2520 2465 2570 ovid.
2489 2538 2537 2572 v.
2562 2518 2678 2571 067.

644 2622 756 2670 sqq.
776 2639 794 2671 ,
815 2606 1041 2657 Laetant.
1062 2608 1123 2657 do
1139 2607 1302 2658 Faba
1323 2606 1495 2672 Reliq.
1518 2623 1568 2657 e.
1591 2609 1678 2673 w,
1696 2609 1810 2673 vig.
1832 2610 1955 2660 En.
1973 2610 2028 2674 9,
2044 2608 2173 2673 4⁴8,
2195 2609 2684 2674 Capitolis‘mmobs'lo

642 2708 854 2746 ‹maeum-
1443 2764 1447 2769 ὓ
2202 2764 2209 2773 ν

739 2808 890 2872 284.
932 2808 1200 2876 Consum
1251 2811 1434 2896 vulgo
1464 2810 1702 2875 dietum
1732 2811 1947 2885 volunt
1975 2810 2151 2897 quasi
2186 2812 2439 2877 consilia
2468 2823 2679 2877 mente

643 2922 971 2988 abdentem
992 2922 1219 3014 (como
1245 2923 1551 3011 fingentes
1578 2948 1687 3010 pro
1709 2921 1959 3011 condo),
1979 2935 2164 3011 atque
2189 2924 2342 2991 adeo
2371 2926 2680 2995 oonsilio-

644 3060 787 3103 rum
816 3037 1041 3121 deum,
1088 3061 1338 3121 vereor,
1383 3061 1462 3104 ne
1501 3040 1713 3103 minus
1748 3062 1927 3123 vere,
1956 3061 2147 3126 quam
2173 3039 2466 3111 suadente
2489 3061 2683 3106 voea—

642 3151 934 3217 bulorum
956 3151 1364 3223 similitudine
1396 3138 1502 3241 (§.>
1529 3153 1677 3219 186.
1700 3149 1727 3240 )
1748 3152 1926 3219 Idem
1956 3175 2103 3219 cum
2131 3155 2416 3240 Neptuno
2448 3204 2466 3242 ,
2494 3154 2678 3221 modo

644 3265 908 3351 equestri
926 3312 944 3348 ,
967 3263 1149 3331 modo
1174 3276 1400 3330 terram
1429 3277 1751 3351 quassante
1776 3264 2088 3356 (cua-lxo„
2107 3265 2135 3355 )
2156 3270 2451 3335 confusus·
2470 3317 2488 3353 ,
2506 3289 2681 3334 aram

644 3377 1103 3443 subterraneam
1134 3375 1420 3441 habuisse
1451 3378 1649 3442 fertur
1669 3427 1687 3461 ,
1722 3390 2020 3467 tanquam
2055 3383 2150 3447 vel
2180 3393 2405 3448 terram
2428 3392 2687 3464 tenens,

643 3494 734 3557 vel
762 3492 1014 3557 consilia
1045 3502 1397 3578 secretaque
1431 3492 1706 3556 condens
1743 3494 1809 3583 1)
1844 3518 1859 3560 :
1887 3496 2182 3562 Beaufort
2206 3496 2346 3584 (vol.
2373 3496 2422 3559 Ι.
2450 3517 2505 3579 p.
2541 3494 2682 3580 20.)

639 3605 1139 3693 antiquissimum
1161 3626 1489 3690 unumque
1507 3605 1879 3672 Sabinorum
1910 3620 1972 3673 et
1990 3612 2417 3675 Romanorum
2443 3628 2684 3673 numen

639 3719 826 3783 fuisse
876 3718 1219 3805 suspicatur
1241 3766 1259 3802 ,
1304 3716 1555 3781 diversis
1611 3720 1967 3785 nominibus
2007 3719 2256 3784 diversis
2297 3717 2446 3782 locis
2467 3718 2689 3804 adpel-

638 3833 933 3917 pelatum.
965 3834 1037 3898 In
1064 3833 1245 3899 Consi
1271 3831 1571 3929 honorem
1594 3834 1897 3900 celebrata
1926 3833 2267 3915 Consualia,
2289 3830 2424 3896 ludi
2448 3833 2688 3899 circen-

645 3962 738 4009 ses
768 3942 860 4031 2).

707 4056 757 4121 1)
783 4054 863 4105 cf.
884 4056 1080 4106 Servius
1119 4058 1182 4107 ad
1217 4061 1342 4109 AEn.
1363 4060 1425 4123 8,
1471 4060 1599 4121 656,
1641 4060 1840 4123 Dionys.
1864 4059 1922 4120 2,
1955 4058 2013 4106 51
2033 4095 2049 4121 ‚
2084 4057 2255 4109 Festus
2276 4060 2329 4110 in
2355 4062 2667 4125 Consualia,

639 4147 763 4213 Lyd.
788 4147 848 4210 1,
881 4146 1045 4195 50.-
1073 4147 1126 4211 Ξ)
1155 4147 1231 4197 Ct'.
1254 4150 1342 4197 liv.
1369 4149 1389 4197 1
1418 4185 1432 4211 ,
1471 4147 1532 4209 9,
1572 4149 1712 4196 Ovid.
1738 4149 1883 4198 Fme.
1909 4146 1973 4212 5,
2011 4146 2123 4198 199.
