3111 4829
1536 367 1563 453 ”(
1603 367 1723 431 208
1763 370 1788 451 )

747 505 822 569 In
860 502 1104 589 populi,
1146 514 1484 589 quatenus,
1537 523 1576 566 a
1613 500 1789 586 plebe
1818 497 2142 583 differens,
2195 501 2437 564 senatui
2458 522 2664 586 oppo—

660 616 860 701 nitur,
889 626 1172 703 potestate
1193 613 1285 704 (§.
1317 616 1443 680 146
1467 626 1526 679 et
1566 617 1706 680 147.
1735 612 1761 702 )
1793 613 2002 680 sedulo
2032 612 2470 699 distinguenda
2494 626 2668 698 sunt,

661 753 802 819 quae
849 731 1008 795 hanc
1058 730 1300 816 proprie
1330 728 1634 793 definiunt
1668 729 1849 813 jura,
1893 728 1972 793 ab
2026 729 2129 792 illa
2169 728 2472 813 potentia,
2525 750 2666 814 quae

658 868 697 911 a
729 845 1120 911 comitiorum
1164 844 1354 907 forma
1394 843 1651 928 fatisque
1676 890 1693 925 ,
1732 852 1794 906 et
1831 840 2248 905 Tribunorum
2271 840 2470 903 Plebis
2507 840 2667 905 libi-

661 957 806 1024 dine
866 957 1136 1044 pendens
1163 1006 1180 1038 ‚
1240 955 1421 1020 modo
1471 957 1670 1020 latiori
1720 956 1920 1019 limite'
1969 953 2155 1019 modo
2214 953 2457 1018 arctiori
2511 974 2667 1018 con-

659 1081 865 1152 tenta,
912 1071 1191 1133 universe
1231 1080 1433 1133 tamen
1479 1068 1557 1134 ad
1591 1080 1852 1134 extrema
1899 1068 2191 1133 libertatis
2221 1078 2494 1153 tempora
2531 1068 2667 1131 im-

656 1204 942 1248 mensum
985 1193 1161 1247 aucta
1193 1184 1481 1248 cernitur.
1531 1183 1667 1247 Post
1707 1182 1941 1246 bellum
1970 1182 2277 1246 Punicum
2321 1181 2663 1247 secundum

651 1299 1014 1384 praevalente
1035 1297 1344 1361 nobilitate
1367 1308 1428 1361 et
1464 1307 1705 1360 senatus
1732 1296 1965 1360 artibus
1996 1297 2227 1361 elusam
2266 1295 2666 1359 restituerunt

653 1410 959 1494 Gracchi3
1027 1409 1105 1475 ad
1153 1433 1465 1475 summum
1511 1413 1732 1475 elatam
1784 1410 2099 1496 fastigium
2167 1407 2458 1494 depressit
2499 1408 2663 1494 Sylla

652 1526 926 1592 Dictator
953 1527 980 1618 (
999 1530 1058 1614 §.
1091 1523 1321 1614 2‘07.),
1357 1549 1502 1592 cum
1542 1529 1736 1592 multa
1767 1528 1991 1612 populo
2021 1526 2166 1610 jura
2189 1524 2466 1590 adimens
2487 1570 2504 1605 ,
2529 1532 2663 1586 tum

653 1640 941 1705 Tribunis
997 1639 1195 1704 Plebis
1234 1640 1325 1703 nil
1374 1651 1591 1725 praeter
1637 1640 2133 1704 intercessionem
2162 1687 2179 1722 ,
2234 1661 2423 1725 quam
2477 1640 2665 1725 primi

653 1750 1005 1817 habuerunt
1030 1802 1047 1836 ‚
1094 1753 1467 1838 relinquens
1510 1754 1643 1816 Mox
1680 1754 1746 1817 in
1785 1754 2097 1839 integrum
2141 1774 2178 1817 a
2219 1752 2329 1817 Cn.
2377 1752 2666 1838 Pompejo

653 1865 926 1930 restituta
949 1914 967 1948 ,
1021 1866 1216 1951 qualis
1244 1865 1357 1929 sub
1396 1866 1597 1950 ipsum
1624 1865 1816 1930 finem
1853 1865 2148 1930 libertatis
2172 1865 2369 1950 specie
2406 1865 2665 1952 quidem

654 1978 843 2043 suerit
867 2027 885 2063 ‚
929 1977 1103 2043 docet
1137 1978 1452 2064 Appianas
1476 2026 1493 2061 ‚
1526 1978 1603 2041 de
1652 1977 1739 2043 B.
1775 1978 1845 2044 C.
1892 1981 2002 2063 lv,
2029 1983 2114 2044 92
2140 2028 2158 2062 ‚
2203 1980 2477 2046 Cassium
2520 1991 2664 2043 ante

654 2114 929 2180 pugnam
970 2091 1047 2156 ad
1077 2091 1387 2177 Philippos
1417 2091 1502 2156 sic
1535 2093 1888 2179 loquentem
1919 2093 2254 2158 inducens:

761 2232 794 2271 «
837 2210 961 2276 Vos
978 2207 1144 2271 enim
1171 2230 1204 2270 »
1250 2206 1452 2294 inquit
1486 2208 1646 2293 «qui
1671 2207 1747 2271 de
1781 2209 2000 2294 populo
2032 2209 2201 2290 estis,
2237 2209 2303 2271 in
2326 2209 2486 2274 bello
2509 2209 2664 2297 qni-

657 2321 803 2385 dem
834 2320 1094 2385 ducibus
1129 2321 1334 2385 vestris
1374 2321 1597 2406 paretis
1621 2369 1638 2403 ‚
1684 2320 1870 2384 veluti
1914 2319 2223 2402 dominis3
2267 2319 2369 2384 sed
2416 2323 2481 2386 in
2512 2343 2666 2407 pace

654 2436 917 2500 vicissim
966 2435 1222 2499 eandem
1267 2445 1621 2519 potestatem
1671 2457 1774 2498 vos
1824 2434 1939 2519 ipsi
1981 2435 2048 2498 in
2099 2457 2207 2498 nos
2240 2435 2529 2521 accipitiS.
2590 2438 2669 2500 Et

656 2558 898 2613 senatus
926 2545 1181 2634 quidem
1220 2546 1296 2611 de
1317 2547 1391 2610 iis
1412 2547 1595 2611 rebus
1615 2596 1633 2629 ,
1673 2568 1812 2634 quae
1848 2545 1925 2610 ad
1963 2569 2067 2611 vos
2101 2548 2452 2612 referuntur
2475 2596 2492 2631 ‚
2522 2562 2666 2613 ante

656 2661 989 2745 deliberat,
1021 2663 1349 2747 quominus
1389 2682 1491 2724 vos
1529 2662 1864 2725 fallamini:
1913 2660 2017 2723 sed
2057 2660 2171 2745 ipsi
2214 2683 2312 2724 vos
2347 2661 2669 2745 judicatis3

655 2776 985 2863 vestrisque
1026 2775 1325 2857 comitiis,
1372 2775 1493 2838 sive
1535 2775 1816 2856 tributis,
1862 2774 1984 2836 sive
2018 2774 2407 2856 centuriam,
2446 2796 2667 2838 crean-

657 2899 761 2953 tur
789 2889 1077 2954 Consules
1106 2937 1122 2971 ‚
1167 2889 1425 2954 Tribuni
1473 2890 1675 2953 Plebis
1696 2936 1719 2965 ,
1748 2890 2070 2954 Praetores:
2105 2900 2235 2952 tum
2271 2910 2421 2974 quos
2457 2888 2669 2951 vestris

660 3004 955 3090 suffragiis
1005 3003 1082 3069 ad
1125 3002 1383 3068 honores
1420 3004 1798 3090 promovistis
1836 3053 1854 3087 ‚
1903 3004 1968 3067 in
2008 3026 2108 3067 eos
2151 3001 2436 3088 deinceps
2478 3001 2668 3066 iidem

656 3140 760 3183 vos
786 3118 863 3183 de
891 3118 1071 3183 rebus
1107 3119 1353 3183 maximi
1377 3119 1673 3183 momenti
1714 3118 2004 3183 exercetis
2035 3114 2388 3203 judicium3
2427 3138 2671 3202 poenas-

657 3253 779 3319 que
818 3244 925 3297 aut
971 3234 1217 3318 praemia
1252 3232 1611 3316 decernitis,
1640 3246 1823 3321 prout
1859 3234 1925 3323 in
1969 3233 2255 3320 gerendis
2292 3230 2671 3317 magistrati-

656 3342 772 3406 bus
809 3344 903 3406 vel
951 3343 1481 3429 reprehensionem
1529 3345 1624 3409 vel
1679 3344 1931 3411 laudem
1981 3345 2499 3411 commeruimus:
2534 3376 2575 3392 -
2604 3354 2668 3406 et

656 3455 954 3523 Tribunos
974 3458 1173 3522 Plebis
1191 3460 1511 3545 quotannis
1532 3460 1750 3524 creatis
1773 3471 1971 3525 vestro
1993 3461 2319 3541 arbitratu3
2348 3457 2478 3542 qui,
2500 3456 2549 3519 si
2581 3454 2666 3522 ita

656 3580 847 3635 vestra
874 3571 1095 3635 utilitas
1121 3573 1490 3657 postularet,
1534 3574 1709 3639 nobis
1745 3575 2234 3656 intercederent,
2265 3582 2378 3635 etc.
2440 3593 2475 3634 »

745 3713 892 3773 227.
944 3708 1081 3789 Quo
1119 3710 1251 3775 loeo
1296 3723 1355 3776 et
1390 3713 1676 3798 primaria
1715 3715 1919 3802 populi
1958 3714 2102 3798 jura
2147 3732 2549 3797 supremaque
2595 3712 2664 3775 in

655 3821 964 3903 republica
1011 3823 1408 3909 gubernanda
1456 3837 1715 3912 potestas
1748 3878 1766 3912 ‚
1807 3852 1841 3893 a
1883 3829 2112 3892 Caesare
2155 3874 2170 3907 ‚
2225 3834 2294 3888 ut
2348 3806 2666 3911 sequentia

654 3932 811 4018 apud
872 3934 1219 4019 Appianum
1265 3939 1523 4024 docent²
1559 3964 1758 4006 eversa
1785 3992 1800 4023 ‚
1844 3951 1903 4004 et
1931 3941 2089 4004 inter
2137 3939 2431 4025 populum
2470 3949 2531 4003 et
2558 3962 2668 4003 se-

654 4055 867 4109 natum
907 4049 1053 4113 ratio
1106 4051 1309 4116 lucide
1357 4053 1667 4137 adparent.
1731 4055 1848 4118 Sed
1906 4029 2005 4120 {1121
2063 4064 2195 4119 tum
2240 4053 2529 4135 maxime,
2595 4063 2663 4115 ut
