3111 4829
1276 409 1301 492 (
1343 408 1421 471 ²³
1466 412 1494 490 )

383 545 593 632 gnita,
640 543 748 611 sed
784 566 911 610 non
953 541 1246 628 subjecta.
1289 542 1367 628 In
1412 528 1647 606 caeteris
1692 542 1827 627 ejus
1873 542 2241 607 fluminibus
2269 540 2398 630 Ty-

256 658 279 745 J
380 680 516 741 ras,
562 657 832 745 Hypanis
883 648 1070 747 (Boq)
1094 703 1113 739 ,
1160 652 1606 743 Borysthenen
1653 653 1722 718 in
1774 657 2086 734 montibus
2123 655 2398 740 Rudini,
2579 712 2588 717 .

323 848 333 859 ,
380 770 816 857 Hyper-borrei,
864 766 1154 856 Riphaei,
1203 768 1273 832 in
1320 767 1563 855 populis
1608 777 1671 830 et
1719 767 1859 850 alii,
1907 778 1968 832 et
2016 769 2177 833 inter
2227 769 2399 833 Ger-
2527 864 2530 867 Δ

381 896 593 948 manos
649 883 1017 972 quandoque
1071 880 1246 946 relati
1273 928 1291 963 ,
1349 876 1637 962 Venedi,
1688 878 1992 964 Peucini,
2043 881 2348 947 Bastarnas
2378 933 2399 967 ,

379 996 644 1079 Geloni,
684 994 915 1062 Budini
938 1044 957 1079 ,
1002 976 1323 1082 Agathyrsi
1358 1040 1377 1077 ,
1423 991 1773 1076 Roxolani,
1826 992 2091 1080 Iazyges.
2144 995 2402 1061 Sarma-

379 1109 479 1173 tiae
499 1109 809 1195 Europaeae
830 1106 1100 1175 adhaeret
1124 1105 1531 1173 Chersonesus
1549 1105 1807 1170 Taurica
1840 1105 2152 1196 (Crima'e)
2166 1107 2390 1193 {cujus

378 1220 592 1286 incolas
645 1222 832 1288 Tauri
867 1244 932 1287 vv.
993 1218 1412 1307 Tauroscythae
1432 1267 1449 1302 ‚
1493 1219 1675 1283 etiam
1735 1218 1935 1285 Graeci
1961 1268 1979 1304 ,
2042 1232 2400 1306 promonto-

380 1333 544 1399 rium
574 1334 1071 1421 ‘Criumelopom
1114 1331 1338 1420 oppida
1378 1330 1672 1418 Taphrae,
1712 1333 2114 1418 Eupatorium
2135 1382 2154 1416 ,
2197 1333 2411 1399 Theo-⁴

382 1445 550 1514 dosia
594 1448 877 1535 (Caffiz),
924 1448 1367 1533 Panticapeum
1391 1493 1409 1529 ‚
1463 1444 1891 1511 Cimmerium.

471 1561 579 1626 26.
601 1560 933 1646 Regiones
971 1558 1251 1625 Asiaticae
1297 1557 1557 1643 Imperii>
1606 1538 1877 1624 Romani
1928 1559 2103 1647 Syria
2150 1570 2216 1625 et
2256 1560 2402 1628 Asia

378 1671 635 1736 minore⁴
651 1672 1062 1743 continentur.
1087 1671 1419 1739 Provinciis
1450 1669 1585 1755 jam
1610 1668 2247 1753 nomadnumerandae
2266 1674 2406 1738 Ro-

376 1805 702 1851 manorum
740 1784 1233 1873 Parthorumque
1263 1784 1451 1853 armis
1486 1783 1808 1868 interjecta
1840 1785 2135 1851 Armenia
2163 1787 2401 1875 major,

378 1910 437 1963 et
461 1920 642 1985 supra
670 1898 833 1967 hanc
880 1900 1041 1967 inter
1082 1898 1397 1967 Euxinum
1437 1909 1499 1965 et
1542 1896 1833 1983 Caspium
1881 1921 2060 1965 mare-
2096 1900 2398 1986 regiones.

377 2014 547 2080 Infra
564 2014 804 2101 Syriam
825 2015 1050 2082 Arabia
1081 2014 1382 2082 Romanis
1398 1994 1571 2098 parte
1595 2011 1820 2097 exig-ua
1847 2013 2164 2096 subjecta3
2211 2014 2404 2099 Syriae

377 2137 439 2192 et
496 2129 825 2198 Armeniae
843 2128 1226 2194 contermina
1267 2126 1515 2264 imperii
1567 2125 1934 2197 Parthorum
1974 2124 2062 2191 ab
2088 2125 2404 2211 Euphrate

374 2239 455 2306 ad
483 2241 711 2307 ludum
755 2242 1081 2327 patentis.-
1212 2252 1217 2257 ’

430 2354 530 2420 Ad
546 2355 754 2419 Asiam
774 2354 1080 2419 minorem
1101 2354 1454 2421 resonantur
1474 2351 1620 2419 Asia
1637 2350 2121 2438 proconsularis,
2140 2352 2394 2440 PontuS,

375 2468 622 2551 Cicilia,
646 2479 710 2533 et
751 2468 1064 2554 provincia
1102 2468 1465 2564 insularum.
1516 2465 1696 2532 Asiaef
1735 2465 2182 2555 proconsularis
2225 2470 2403 2557 (Asia

377 2581 648 2670 propria)
702 2592 902 2668 partes
954 2581 1144 2668 Mysia
1200 2579 1400 2663 major
1449 2590 1512 2645 et
1566 2580 1773 2646 minor
1798 2627 1817 2662 ,
1874 2579 2059 2645 Troas
2081 2628 2099 2664 ,
2145 2581 2402 2650 coloniae

378 2695 652 2770 Graecoe,
697 2692 927 2781 Lydia,
969 2693 1180 2776 Caria,
1222 2691 1504 2780 Phrygia.
1550 2692 1628 2757 In
1670 2691 1861 2781 Mysia
1896 2691 2134 2777 majore
2175 2693 2403 2763 fluvius

379 2807 625 2890 Caicus,
657 2807 1145 2894 promontorium
1172 2807 1448 2893 Gargara
1468 2855 1487 2890 ,
1515 2805 1703 2872 urbes
1722 2804 2060 2892 Pergamus
2081 2856 2102 2891 ,
2130 2806 2362 2895 Pytane
2381 2861 2400 2897 ,

378 2918 868 3007 Adramyttium,
908 2919 1156 3004 Thebe,
1195 2919 1575 3003 Antandros,
1613 2918 1832 3003 Assos3
1863 2919 1932 2983 in
1973 2919 2218 2988 minore
2246 2922 2402 2990 Gra-

381 3032 586 3117 nicus,
614 3036 907 3119 AEsepus‚
933 3032 1351 3121 Riiyndacus5
1387 3056 1565 3098 mons
1590 3032 1926 3120 Olympus,
1971 3034 2184 3118 populi
2210 3035 2402 3122 Myg-

382 3145 569 3211 dones
605 3158 667 3212 et
697 3147 987 3224 Doliones
1005 3197 1022 3230 ,
1051 3148 1234 3213 urbes
1263 3149 1635 3234 Lampsacus
1657 3195 1674 3230 ,
1714 3144 1996 3229 Parium,
2031 3146 2352 3232 Apollonia
2382 3214 2401 3248 ‚

382 3258 754 3344 Miletopolis.
782 3260 1032 3325 Troadis
1056 3308 1073 3343 ,
1095 3260 1172 3325 ad
1200 3262 1667 3347 Hellespontum
1686 3308 1705 3344 ‚
1736 3259 1959 3325 Simois
1997 3269 2059 3324 et
2100 3259 2404 3327 Scaman-

382 3369 510 3454 der,
532 3371 741 3455 Ilium,
769 3372 1034 3458 Abydos,
1071 3373 1253 3437 Troas
1276 3371 1642 3439 Alexandria
1659 3419 1677 3455 ,
1709 3371 2048 3437 Rhoeteum
2076 3419 2094 3456 ,
2118 3371 2397 3459 Sigeum.

385 3483 680 3570 Coloniae,
698 3487 891 3552 AEolis
914 3534 931 3567 ‚
946 3482 1119 3549 Ionia
1143 3534 1161 3568 ,
1187 3485 1363 3549 Doris
1380 3533 1398 3569 ,
1419 3486 1487 3550 in
1509 3508 1613 3550 ora
1638 3485 1825 3549 maris
1861 3483 2200 3570 vicinisque
2223 3485 2404 3549 insu-

384 3598 498 3682 lis;
543 3598 611 3663 in
657 3596 856 3664 AEolia
893 3598 1123 3663 Larissa
1149 3645 1167 3681 ,
1212 3597 1400 3684 Cyme
1422 3647 1440 3681 ,
1487 3597 1799 3686 Grynium
1821 3646 1840 3681 ‚
1881 3599 2027 3662 Elea
2050 3644 2067 3679 ,
2104 3598 2402 3668 ininsula

383 3711 572 3777 Lesbo
610 3712 946 3799 Mitylene3
986 3713 1052 3775 in
1096 3711 1269 3777 Ionia
1303 3712 1474 3777 fluvii
1502 3713 1804 3794 Hermus,
1833 3709 2135 3796 Caistrus,
2180 3712 2404 3781 Maean-

384 3826 490 3892 der
513 3875 530 3910 ,
576 3838 818 3891 montes
864 3827 1093 3912 Mycale
1117 3875 1135 3909 ,
1177 3827 1427 3892 Latmus
1453 3874 1470 3909 ,
1525 3825 1795 3912 Corycus
1823 3872 1842 3909 ,
1892 3824 2077 3889 urbes
2125 3827 2360 3896 Miletos
2383 3883 2407 3918 ‚

374 3938 597 4003 Priene
622 3987 641 4022 ‚
684 3936 993 4024 Magnesia
1013 3986 1032 4020 ,
1077 3937 1347 4024 Ephesus
1373 3989 1390 4024 ‚
1438 3935 1756 4022 Colophon
1782 3984 1799 4020 ‚
1830 3924 1996 4002 'Teos
2018 3986 2037 4023 ‚
2084 3939 2359 4029 Erythrae
2385 3994 2405 4029 ,

391 4051 768 4119 Clawmenoe
789 4099 807 4136 ,
834 4051 1094 4139 Smyrna
1118 4101 1137 4136 ,
1161 4076 1299 4143 quae
1336 4054 1486 4122 olim
1511 4051 1768 4118 AEolidis
1792 4102 1809 4136 ,
1847 4051 2103 4119 Thocaea
2130 4104 2147 4138 ‚
2189 4056 2252 4119 in
2301 4058 2405 4120 in-
