3111 4829
1591 386 1843 472 (148)

705 488 920 557 additis
949 497 1207 588 XXXV,
1237 530 1388 594 quas
1408 512 1704 601 Eqmtum
1736 524 1920 610 facit,
1950 541 2010 593 et
2039 554 2161 600 una
2183 546 2717 628 paupert-imorum

703 604 968 695 civium,
1009 635 1195 699 quam
1228 643 1299 686 ex
1327 625 1521 690 Servii
1554 630 1831 702 instituto
1873 657 2168 714 servatam
2204 667 2417 742 putat,
2442 662 2731 751 Savignyi

700 723 995 788 centuriae
1047 750 1258 799 omnes
1318 737 1774 816 CCCLXXXVI
1818 752 2240 832 inveniuntur.
2294 770 2520 860 Nobis,
2568 777 2730 846 hano

698 835 997 903 rationem
1041 865 1166 929 prae
1206 848 1574 923 Schulziana
1599 865 1889 950 amplexis
1911 919 1930 955 ,
1977 888 2269 947 caeterum
2291 934 2310 969 ,
2335 888 2486 974 quid
2516 903 2576 956 et
2617 916 2730 964 cur

696 949 1082 1031 potissimum
1110 961 1348 1045 placeat
1367 1015 1384 1050 ,
1406 982 1547 1036 nota
1582 971 1649 1062 8)
1678 996 1969 1070 exponat,
2000 987 2170 1061 haud
2204 996 2442 1065 inutilis
2482 1005 2730 1074 fortasse

704 1064 916 1130 sutura
948 1067 1336 1143 difficultates
1357 1129 1375 1162 ,
1405 1084 1633 1168 quibus
1661 1092 1845 1159 etiam
1877 1119 2048 1166 nunc
2074 1111 2326 1192 quaestio
2355 1113 2727 1204 implicatur,
2803 1158 2806 1163 2

693 1176 1020 1263 profligare
1060 1187 1356 1270 cupienti.
1393 1192 1721 1287 Utcunque
1775 1228 1838 1273 se
1867 1232 1963 1285 res
1996 1211 2249 1307 habeat,
2296 1246 2365 1301 ea
2394 1231 2727 1313 quaerenda

690 1289 808 1351 erit
834 1296 1056 1359 mutati
1094 1299 1325 1377 ordinis
1361 1306 1430 1371 in
1474 1309 1775 1402 suffragiis
1805 1321 2075 1402 ferendis
2115 1335 2272 1399 ratio
2293 1385 2312 1419 ,
2341 1361 2459 1425 qua
2493 1354 2722 1430 pateat,

695 1424 809 1467 cur
849 1411 1187 1479 centuriata
1224 1424 1542 1502 postremis
1573 1425 1816 1498 duobus
1852 1439 2209 1525 reipublicae
2250 1456 2483 1519 saeculis
2513 1461 2723 1544 populi

690 1527 753 1590 ct
803 1522 1254 1614 multitudinis,
1298 1543 1368 1597 ut
1411 1537 1623 1607 Cicero
1666 1545 1751 1611 ait
1781 1546 1890 1636 9),
1921 1556 2167 1623 comitia
2194 1560 2498 1636 dicantur.
2543 1570 2720 1636 Savi-

690 1655 960 1721 gnyum,
987 1643 1364 1732 omninoque
1393 1651 1569 1721 nobis
1595 1658 1843 1740 probata
1874 1686 2164 1753 sequens,
2186 1677 2452 1764 colligat,
2475 1704 2719 1750 necesse

694 1758 821 1814 est.
851 1749 1212 1840 discrimen,
1252 1762 1453 1845 quoad
1489 1772 1698 1853 populi
1738 1788 1948 1850 contra
1992 1797 2272 1855 senatum
2316 1805 2668 1878 potestatem
2694 1848 2712 1883 ,

690 1861 853 1933 inter
893 1865 1122 1933 tributa
1165 1880 1226 1932 et
1267 1878 1606 1945 centuriata
1638 1885 1831 1951 tribus
1873 1892 2006 1957 scre
2047 1912 2358 1989 constare,
2391 1911 2676 1994 auspiciis
2700 1962 2719 1996 ,

687 1987 928 2040 senatus
963 1984 1360 2071 auctoritate,
1410 2002 1470 2054 et
1512 1994 1726 2065 infima
1773 2007 2211 2098 multitudine,
2252 2018 2320 2082 in
2360 2024 2718 2090 centuriatis

748 2364 798 2425 1)
821 2365 879 2414 Ρ.
904 2367 1020 2419 511.
1040 2360 1097 2408 ’-
1122 2372 1173 2439 2)
1184 2375 1516 2433 Vehementer
1535 2385 1830 2443 dissentiunt
1851 2395 2102 2451 Gruchiun
2122 2407 2173 2453 et
2195 2406 2440 2472 Sigonius.
2465 2412 2527 2463 V.
2556 2414 2712 2467 Theo.

686 2455 853 2510 Groev.
879 2473 928 2506 v.
954 2458 1000 2506 1.
1026 2476 1079 2524 p.
1105 2462 1220 2513 847.
1243 2468 1358 2517 945.
1382 2470 1498 2524 904.
1521 2476 1654 2539 -5)
1673 2480 1747 2529 Cf.
1772 2483 1879 2538 Liv.
1903 2486 1936 2534 5
1954 2525 1970 2552 ,
2002 2490 2082 2539 18.
2098 2520 2161 2530 -
2182 2495 2237 2557 4)
2257 2497 2332 2545 Cf.
2350 2500 2458 2550 Cic.
2479 2502 2619 2553 Phil.
2645 2506 2678 2553 2
2696 2544 2714 2572 ,

679 2540 764 2590 55.
788 2568 851 2582 -
872 2544 924 2604 5)
964 2546 1217 2600 δοὴυίιίω
1237 2554 1320 2618 (p.
1356 2557 1507 2625 512.)
1548 2562 1617 2612 ita
1639 2574 1885 2620 mutatum
1912 2578 2118 2642 conjicit
2134 2616 2150 2643 ,
2187 2590 2447 2648 postquam
2470 2593 2714 2650 centuria

678 2630 901 2681 tribuum
923 2641 1086 2698 porte·
1108 2639 1251 2698 factae
1269 2643 1402 2710 sint3
1428 2663 1489 2696 eo
1511 2652 1715 2713 quidem
1737 2661 1890 2722 magis
1909 2698 1925 2726 ‚
1950 2667 2189 2736 quoniam
2211 2671 2438 2725 centuria
2459 2662 2714 2745 praeroga-

682 2718 783 2768 tiva
806 2721 947 2771 initio
966 2724 1093 2789 (le.
1116 2727 1171 2791 5,
1205 2729 1267 2779 18
1284 2766 1301 2795 ,
1332 2732 1421 2798 10,
1446 2736 1563 2804 22.)
1588 2740 1693 2791 sine
1714 2747 1914 2797 nomine
1931 2759 2182 2820 occurrat,
2202 2759 2386 2824 quippe
2405 2779 2518 2825 quae
2536 2768 2713 2829 primm

676 2808 827 2857 etiam
843 2803 1028 2877 classis,
1051 2816 1454 2870 nondumxtribus
1468 2825 1680 2892 alicujus
1701 2846 1817 2895 pars
1839 2835 2007 2887 suerit.
2028 2841 2206 2891 Contra
2224 2849 2710 2907 centuriae'additum

676 2898 835 2962 tribus
858 2916 1038 2966 nomen
1049 2904 1202 2962 habes
1218 2907 1322 2958 Liv.
1341 2911 1424 2976 24,
1446 2912 1499 2978 ⁷,
1524 2916 1612 2979 qui
1636 2918 1772 2970 locus
1795 2924 1856 2972 ad
1875 2942 1922 2974 a.
1943 2928 2082 2995 557³,
2108 2933 2322 2999 impletis
2332 2940 2533 3004 triginta
2555 2947 2703 3007 quin-

670 3005 771 3054 que
794 2992 1022 3043 tribubus
1046 2998 1364 3062 posteriorem
1384 3039 1399 3064 ‚
1425 3005 1722 3057 refertur.—
1739 3012 1791 3077 6)
1817 3015 1902 3064 Cic
1924 3021 1995 3067 ad
2013 3022 2142 3071 Dio.
2166 3024 2216 3088 2,
2243 3026 2327 3092 40,
2340 3046 2401 3094 p.
2417 3032 2598 3084 Plane.
2619 3038 2705 3104 20,

669 3078 776 3128 Liv.
791 3081 855 3130 ΞΟ
869 3118 884 3145 ,
903 3082 934 3131 7
950 3119 965 3146 ,
991 3086 1054 3134 26
1070 3122 1085 3151 ,
1104 3087 1254 3137 622.-
1268 3089 1323 3155 7)
1338 3091 1411 3139 Cf.
1438 3093 1542 3144 Liv.
1572 3096 1593 3145 1
1615 3135 1631 3160 ,
1656 3100 1804 3162 45.—
1824 3103 1876 3169 8)
1891 3106 2147 3160 Centurias
2181 3114 2404 3167 tribuum
2427 3128 2588 3186 partes
2605 3143 2706 3188 nori

677 3186 783 3218 nno
806 3172 918 3219 loco
942 3180 991 3222 et
1014 3178 1272 3228 manifesto
1297 3180 1418 3230 facit
1437 3183 1603 3234 Livius
1625 3187 1706 3251 (v.
1731 3191 1795 3244 24
1813 3231 1828 3257 ,
1851 3194 1884 3244 ⁷
1906 3202 1959 3246 et
1980 3199 2069 3266 16,
2093 3203 2167 3268 6.)
2183 3242 2199 3268 ,
2224 3207 2312 3257 ubi
2344 3214 2591 3262 centurias
2615 3218 2709 3264 tri-

667 3256 845 3323 buum,
865 3260 1119 3325 inquibus
1135 3273 1296 3332 erant,
1316 3271 1515 3322 nomine
1531 3282 1698 3327 vocat.
1717 3278 1902 3332 elause-
1913 3290 2021 3338 tum
2038 3303 2239 3355 quoque
2250 3298 2502 3363 mansisse,
2523 3315 2706 3366 easque

668 3353 863 3398 certum
900 3354 1239 3409 centuriarum
1261 3374 1526 3414 numerum
1547 3367 1857 3420 continentes
1870 3410 1886 3438 ,
1925 3381 1977 3434 et
1997 3379 2171 3436 eodem
2190 3418 2206 3445 ,
2231 3400 2332 3447 quo
2355 3386 2472 3447 olim
2487 3423 2507 3451 ,
2529 3391 2707 3456 ordine

666 3437 721 3484 in
743 3437 1032 3506 suffragium
1055 3449 1227 3494 euntes
1242 3482 1258 3509 ,
1283 3462 1312 3512 e
1347 3447 1542 3500 duobus
1567 3457 1775 3510 maxime
1807 3460 1931 3511 locis
1954 3465 2133 3543 colligo
2159 3506 2175 3534 ,
2193 3469 2298 3520 Liv.
2322 3472 2387 3520 43
2404 3510 2421 3537 ‚
2464 3474 2524 3524 16
2544 3511 2561 3538 ,
2592 3478 2700 3540 Cic.
2784 3549 2788 3553 ,

660 3529 799 3578 Phil.
823 3529 884 3594 2,
924 3531 1008 3580 55.
1050 3534 1189 3584 Idem
1211 3542 1378 3587 tumen
1413 3542 1493 3591 vel
1525 3543 1642 3602 inde
1664 3563 1767 3599 non
1788 3553 1918 3614 male
1942 3557 2204 3623 conjicias,
2248 3561 2385 3624 quod
2417 3565 2659 3616 centurioe
2682 3612 2700 3640 ‚

663 3625 774 3681 post
793 3624 1171 3686 prerogativam
1191 3633 1379 3678 vocata
1394 3665 1411 3696 ,
1432 3636 1603 3697 primo
1625 3640 1843 3703 autjuro
1864 3653 2050 3695 vocatu
2067 3646 2303 3699 dicuntur
2324 3650 2460 3714 ‚Lim
2486 3653 2548 3704 10
2563 3691 2579 3718 ,
2600 3656 2698 3721 22,

660 3708 745 3767 27,
768 3710 817 3758 6.
842 3712 920 3760 Cf.
943 3714 994 3777 5,
1031 3714 1110 3766 18.
1132 3717 1259 3781 Quas
1294 3720 1613 3786 enimprt‘mo
1634 3733 1944 3793 vocataanisi
1960 3735 2131 3799 prima
2150 3737 2315 3789 clauis
2330 3776 2346 3804 ‚
2371 3745 2422 3794 et
2437 3750 2700 3822 quojm-e,

660 3797 752 3844 nisi
778 3800 1037 3868 classium,
1060 3808 1185 3869 juro
1217 3819 1417 3868 vocatas
1449 3814 1729 3890 finffiumusi'
1761 3821 1883 3871 Jure
1916 3829 2081 3902 autem
2115 3832 2311 3889 vocata·
2343 3834 2539 3885 easdem
2577 3856 2697 3905 eum

652 3885 812 3947 primo
836 3894 1018 3940 voeatis
1041 3911 1141 3945 non
1164 3914 1297 3962 esse,
1324 3908 1519 3951 certum
1543 3907 1738 3957 videtur
1758 3909 1882 3959 Livii
1904 3913 2048 3962 binos
2075 3916 2212 3964 locos
2236 3927 2560 3986 comparanti.
2581 3930 2697 3981 Ete-

648 3976 751 4026 nim
776 3976 836 4025 10
856 4014 870 4038 ,
897 3980 961 4027 ΞΕ.)
984 4018 999 4044 ,
1024 3992 1134 4046 post
1156 3989 1317 4051 primo
1339 3998 1535 4041 vocatas
1560 3998 1809 4047 centurias
1833 4016 2002 4050 omnes
2017 4040 2032 4065 ,
2057 4006 2178 4055 alias
2200 4024 2450 4074 superesse
2471 4016 2587 4067 inde
2611 4019 2689 4069 in-

645 4065 911 4129 telligimus
929 4105 945 4135 ,
970 4074 1086 4139 quia
1110 4079 1309 4139 comitia
1342 4082 1618 4150 interrupta
1636 4122 1652 4153 ,
1681 4104 1779 4139 uon
1815 4098 2013 4156 peracta
2048 4105 2321 4150 cernuntur
2345 4105 2423 4169 (ν.
2451 4106 2541 4173 10,
2573 4109 2652 4160 15.
2668 4111 2689 4171 )
