3111 4829
1584 397 1610 479 (
1650 395 1732 457 2⁴
1771 396 1797 478 )

682 527 829 594 sulis
872 526 1083 592 Samos
1142 537 1207 592 et
1255 526 1481 613 Chiosg
1529 528 1597 592 in
1661 527 1888 594 Doride
1934 527 2363 619 (Pentapolis)
2408 527 2643 598 Cnidus
2668 576 2689 614 ,

678 643 1180 729 Halicarnassus}
1233 644 1302 710 in
1361 646 1566 711 insula
1606 643 1829 712 Rhodo
1875 645 1982 734 (§.
2024 649 2132 714 30.
2166 644 2191 735 )
2240 648 2501 737 Ialysos,
2559 648 2694 715 Ca·-

674 759 866 825 miros
882 807 900 843 ,
937 759 1189 843 Lindos,
1244 758 1418 845 queis
1465 760 1756 845 posterior
1800 758 2070 826 Rhodos.
2119 758 2326 848 Lydiae
2379 760 2691 851 (Maeonia)

673 872 935 939 flumina
956 920 975 957 ,
1024 888 1171 960 quas*
1203 871 1428 954 Ioniae,
1478 883 1541 937 et
1584 872 1864 937 Pactolus
1905 871 1973 936 in
2019 873 2321 939 Hermum
2370 873 2653 940 incidens
2677 900 2697 936 2

669 997 913 1051 montes
962 986 1210 1051 Tmolus
1248 994 1310 1049 et
1352 985 1595 1073 Sipylus
1620 1032 1639 1067 ,
1689 984 1872 1050 urbes
1921 983 2207 1071 Thyatira
2234 1034 2253 1069 ,
2312 986 2636 1072 Apollonis
2683 992 2705 1030 ’

670 1099 1163 1193 Hierocaesarea,
1216 1096 1525 1183 Magnesia
1573 1096 1652 1163 ad
1712 1098 2035 1186 Sipylum,
2086 1098 2304 1164 Sardes
2333 1147 2352 1183 ,
2403 1100 2654 1165 Tmolus
2677 1149 2698 1185 ,

667 1209 1118 1297 Philadelphia,
1152 1210 1515 1298 Metropolis.
1553 1210 1731 1277 Caria
1761 1210 1921 1277 inira
1961 1209 2238 1295 Ioniam3
2272 1211 2497 1277 fluvius
2540 1211 2697 1278 Cal-

665 1324 802 1408 bis,
848 1324 1032 1389 urbes
1076 1321 1339 1411 Myndus
1362 1372 1381 1408 ,
1427 1324 1656 1406 lassus,
1694 1323 1917 1411 Mylasa
1935 1370 1954 1406 ,
1997 1322 2286 1408 Caunus,
2329 1323 2647 1389 Alabanda
2684 1373 2704 1409 ,

660 1436 994 1503 'Antiochia
1032 1435 1361 1520 Maeandri,
1404 1459 1440 1502 e
1481 1434 1709 1502 Doride
1758 1434 1991 1527 Cnidus
2035 1447 2100 1500 et
2142 1373 2622 1505 Halicarnassus.

761 1555 869 1617 27.
917 1548 1201 1639 Phrygias
1242 1572 1380 1637 pars
1436 1550 1635 1636 major
1686 1548 1764 1616 ad
1823 1519 2144 1616 Orientem
2193 1550 2438 1638 Lydiae,
2491 1550 2701 1618 minor

669 1685 854 1751 supra
883 1662 1138 1751 Lydiam
1175 1663 1254 1730 ad
1296 1665 1762 1750 Hellespontum
1804 1664 2111 1751 pertinet,
2155 1664 2455 1731 Troadem
2505 1665 2696 1732 etiam

671 1778 1083 1862 complectens
1129 1778 1213 1863 (§.
1268 1779 1403 1865 26.)
1449 1777 1784 1864 Phrygiam
1834 1776 2136 1861 majorem
2184 1776 2461 1866 (magna)
2511 1779 2698 1864 plura

665 1890 927 1975 insuper
965 1887 1218 1954 nomina
1259 1888 1652 1977 distinguunt
1672 1938 1692 1974 ,
1736 1889 2031 1956 Salutaris
2048 1938 2068 1974 ,
2124 1888 2429 1975 Epictetos
2449 1938 2467 1974 ,
2513 1891 2700 1960 Cata·-

669 2024 1047 2070 cecaumene
1074 2006 1611 2094 (ιιιηκικιυμίιη).
1652 2004 1824 2069 Inter
1863 2003 2123 2069 flumina
2169 2000 2366 2091 Lycus
2396 2053 2415 2089 ,
2465 2004 2702 2071 Maean-

672 2119 816 2185 dros
837 2168 856 2203 ,
906 2119 1200 2207 Marsyas,
1243 2118 1615 2205 Sangarius3
1662 2119 1847 2185 urbes
1891 2119 1962 2183 in
2002 2118 2276 2204 Epicteto
2315 2120 2653 2186 Dorilaeum
2679 2161 2701 2199 ‚

674 2234 988 2322 Cotyaeum
1014 2280 1033 2316 ,
1072 2231 1332 2298 Nacolea
1352 2278 1372 2314 ,
1414 2231 1485 2295 in
1527 2232 1763 2298 caeteris
1806 2232 2024 2319 Cibyra
2048 2279 2067 2316 ,
2107 2229 2402 2297 Laodicea
2439 2230 2515 2298 ad
2557 2233 2699 2320 Ly·-

664 2370 814 2413 cum
834 2395 853 2430 ,
902 2346 1158 2412 Colossae
1182 2392 1201 2431 ,
1257 2344 1598 2433 Hierapolis
1617 2394 1636 2432 ,
1682 2347 1954 2432 Apamea
1994 2344 2345 2433 (Celaenas),
2415 2344 2700 2434 Juliopo-

664 2460 743 2523 lis
762 2505 788 2534 ‚
830 2458 1147 2545 Synnada,
1187 2460 1631 2545 Docymaeum,
1677 2460 1863 2524 Peltae
1883 2505 1901 2541 ,
1949 2457 2153 2544 Lysias
2173 2505 2191 2540 ,
2237 2458 2501 2546 Ancyra.

760 2571 1079 2635 Provincia
1135 2570 1370 2634 Pontus
1426 2569 1726 2655 (Pontica)
1791 2570 1859 2632 in
1915 2588 2023 2632 ora
2074 2553 2459 2633 Meridionali
2515 2570 2700 2639 Ponti

665 2682 890 2749 Euxini
920 2683 1225 2765 Pontum,
1257 2679 1617 2768 Bithyniam
1638 2728 1655 2763 ,
1684 2678 2170 2765 Paphlagoniam
2188 2726 2207 2763 ,
2232 2679 2491 2745 inferius
2530 2681 2703 2770 Cap-

664 2793 989 2884 padociam
1014 2805 1075 2858 et
1105 2793 1410 2858 Galatiam
1434 2792 1882 2879 complectitur.
1914 2792 2144 2856 Pontus
2172 2792 2447 2882 (Pontica
2467 2809 2499 2878 ,⁶
2512 2818 2700 2881 parva

671 2909 1080 2998 Cappadocia)
1104 2931 1142 2973 a
1164 2906 1425 2974 flumine
1450 2909 1610 2996 Haly
1634 2906 1713 2972 ad
1750 2907 2149 2992 Trapezunta.
2182 2907 2258 2970 In
2279 2906 2470 2993 hujus
2494 2908 2705 2978 fluviis

664 3024 785 3089 Iris
828 3036 890 3090 et
913 3021 1301 3089 Thermodon
1327 3071 1347 3106 ,
1399 3022 1470 3087 in
1515 3020 1836 3086 montibus
1872 3019 2272 3104 Amazonius,
2313 3021 2380 3087 in
2422 3001 2703 3110 partibus

664 3136 1059 3225 Themiscyra
1090 3146 1152 3201 et
1176 3134 1424 3219 Sidona,
1447 3135 1514 3198 in
1536 3133 1779 3221 populis
1808 3114 2108 3220 Chalybes
2128 3127 2478 3224 (Chaldaei),
2495 3138 2701 3207 Tiba..

670 3250 851 3333 reni,
903 3248 1180 3336 Philyres
1208 3296 1225 3331 ,
1280 3248 1593 3313 Macrones
1622 3295 1641 3330 ,
1683 3246 1754 3310 in
1802 3246 2061 3314 urbibus
2114 3248 2296 3316 lbera
2326 3298 2345 3333 ,
2405 3253 2656 3317 Amisus
2677 3305 2696 3338 ,

669 3362 887 3428 Ancon
905 3409 924 3445 ,
952 3359 1347 3425 Polemonion
1371 3408 1390 3445 ,
1427 3359 1764 3427 Pharnacia
1791 3359 2136 3452 (Cerasus),
2165 3363 2464 3448 Trapezus
2490 3363 2702 3453 (Trai-

672 3473 939 3542 Bs‘eondo
962 3520 987 3550 ‚
1050 3471 1112 3538 T
1110 3471 1473 3555 antheum)
1501 3513 1526 3549 ,
1574 3470 1823 3540 Amasia
1844 3519 1866 3557 ,
1922 3474 2328 3560 Sebastopolis
2350 3523 2369 3558 ,
2427 3475 2651 3544 Beroea
2680 3529 2699 3564 ,

672 3590 940 3655 Comana
960 3635 978 3672 ,
1021 3588 1430 3653 Neocaesarea.
1503 3602 1507 3607 ·
1548 3639 1553 3646 ,

761 3706 870 3767 28.
910 3700 1291 3787 Cappadocia
1317 3750 1336 3785 ,
1367 3701 1530 3767 infra
1555 3701 1871 3767 Ponticam
1893 3748 1911 3782 ,
1943 3699 2060 3764 sub
2101 3699 2344 3765 Tiberio
2366 3703 2702 3787 provinciis

672 3816 939 3880 accessit.
987 3818 1189 3902 Hujus
1229 3816 1491 3882 flumina
1541 3817 1727 3903 Halys
1754 3863 1771 3896 ,
1813 3814 2042 3897 Melas,
2093 3824 2198 3896 et,
2259 3835 2368 3900 per
2414 3816 2697 3889 Ciliciam

672 3927 740 3992 in
774 3947 946 3990 mare
989 3913 1318 3994 influentes
1342 3977 1361 4014 ,
1396 3930 1585 3995 Sarus
1630 3939 1690 3992 et
1716 3919 2027 4015 ¹Pyramus
2050 3938 2356 4004 ,·montes
2395 3927 2658 4017 Argaeus
2693 4001 2714 4037 ‚

674 4041 1065 4122 Antitaurus,
1109 4043 1419 4126 Amanus3
1458 4043 1619 4107 inter
1662 4040 1945 4125 'regiones
1977 4041 2314 4109 Morimena
2342 4090 2361 4127 ,
2407 4042 2697 4112 Garsau—
