3111 4829
1310 364 1570 447 (401)

432 487 707 554 felicitati
751 489 1088 577 augendae,
1134 491 1399 576 intenti,
1448 507 1521 559 ut
1574 507 1708 562 tum
1765 504 2080 568 contrariis
2127 506 2451 578 virtutibus

432 603 848 684 venerabiles,
906 604 990 667 ita
1049 605 1503 689 voluptatibus,
1566 611 1752 694 gula,
1812 615 2090 701 luxuria,
2152 624 2449 707 mollitie,

312 710 321 721 '
432 713 754 800 iniquitate
789 727 993 801 turpes
1027 715 1448 785 inveniuntur.
1475 721 1689 808 Neque
1721 747 1891 809 ver0,
1930 731 2190 812 pessimo
2227 732 2453 801 horum

434 829 743 912 exemplo,
767 841 825 892 et
849 842 1150 894 contemta
1176 836 1361 897 semel
1388 849 1743 920 paupertate
1760 888 1776 921 ,
1802 864 1998 926 quum
2021 844 2086 908 in
2112 869 2453 929 paucorum

432 942 718 1032 manibus
763 941 1016 1026 divitiae,
1053 931 1312 1010 honores
1353 958 1415 1011 et
1451 948 1517 1011 iu
1559 953 1871 1035 republica
1908 959 2173 1039 potentia
2215 975 2454 1048 essent,

431 1052 499 1115 in
542 1053 973 1120 humilioribus
1009 1078 1164 1120 carae
1208 1059 1354 1122 olim
1394 1062 1679 1127 omnibus
1711 1067 1917 1149 patriae
1952 1091 2161 1153 amor,
2205 1095 2408 1161 neque
2433 1125 2453 1159 ,

433 1163 550 1230 hoc
596 1167 893 1251 extincto,
940 1181 1153 1234 caetera
1214 1171 1279 1233 in
1327 1172 1505 1256 plebe
1559 1176 1842 1242 Romana
1888 1181 2056 1264 prius
2103 1183 2408 1252 laudanda
2436 1259 2456 1293 ‚

435 1279 540 1344 diu
581 1304 863 1366 superare
902 1295 1271 1376 potuerunt3
1316 1307 1388 1349 ae
1431 1310 1575 1352 sane
1619 1301 1920 1374 quantum
1965 1295 2287 1379 primoreS,
2324 1308 2458 1362 tan-

437 1401 566 1456 tum
613 1393 781 1477 plebs
825 1395 1061 1459 urbana
1103 1416 1137 1458 a
1188 1396 1436 1459 vetustis
1483 1398 1756 1462 moribus
1809 1400 2170 1490 discrepans,
2200 1406 2457 1494 vilisque

435 1507 747 1588 cernitur,
806 1508 1055 1570 collecta
1117 1507 1445 1576 maximam
1507 1521 1744 1594 partem
1791 1533 1825 1575 e
1887 1516 2211 1597 provinciis
2268 1520 2457 1586 otiosa

436 1617 766 1681 multitudo
787 1667 805 1700 ,
827 1619 1037 1684 aerario
1063 1630 1119 1682 et
1143 1620 1613 1704 magistratuum
1639 1623 2065 1707 largitionibus
2098 1639 2458 1714 sustentata,

438 1731 613 1794 turba
657 1733 908 1796 forensis
948 1728 1068 1818 5),
1110 1754 1413 1797 novarum
1458 1715 1668 1799 rerum
1714 1736 1976 1803 studiosa
2019 1750 2077 1803 et
2119 1742 2458 1808 factionum

440 1843 698 1909 ducibus
746 1844 983 1909 vendita
1009 1891 1029 1927 ,
1081 1846 1334 1909 omnino
1379 1868 1524 1910 cum
1585 1849 1965 1936 principibus
2010 1851 2088 1917 de
2129 1840 2460 1924 evertenda

438 1959 752 2045 republica
815 1970 1049 2022 certans
1105 1956 1207 2047 6).
1257 1961 1347 2023 De
1403 1982 1521 2045 qua
1590 1963 2016 2055 Romanorum
2071 1973 2460 2056 corruptione

439 2077 633 2137 multa
658 2085 716 2136 et
753 2073 912 2136 bene
951 2072 1358 2153 recentiores;
1399 2072 1500 2135 sed
1539 2085 1681 2136 ante
1703 2098 1914 2139 omnes
1953 2075 2225 2162 ipsorum
2264 2086 2459 2169 scrip-

439 2196 596 2249 tores
638 2184 935 2248 audiendi
979 2181 1066 2270 7).
1105 2184 1447 2247 Extinctam
1496 2184 1837 2251 libertatem
1878 2193 2109 2275 excepit
2155 2196 2463 2263 teterrima

443 2298 745 2362 Caesarum
780 2307 958 2378 aetas,
986 2319 1019 2358 a
1050 2289 1380 2377 Suetonio,
1411 2297 1616 2361 Tacito
1643 2300 1981 2381 ,Juvenale
2008 2304 2317 2385 ,Martiale
2357 2330 2464 2371 ex-

441 2433 680 2496 pressa,
724 2409 894 2473 haud
930 2410 1134 2474 minus
1176 2408 1607 2493 turpitudine,
1646 2435 1834 2499 quam
1875 2417 2218 2502 antiquiora
2245 2421 2465 2503 Romae

443 2535 713 2610 tempora
754 2524 974 2588 virtute
1018 2536 1077 2588 et
1122 2526 1357 2611 gloria,
1398 2526 1675 2611 insignis.

507 2686 557 2752 1)
583 2687 656 2736 Cf.
675 2688 809 2736 Flor.
830 2687 854 2738 1
873 2724 888 2751 ‚
916 2686 974 2751 1,
997 2688 1058 2751 2,
1086 2688 1148 2738 19
1167 2696 1218 2738 et
1237 2690 1319 2738 22.
1343 2717 1403 2726 —
1428 2689 1480 2741 2»
1504 2689 1707 2741 cneio.
1733 2692 1794 2739 de
1810 2690 1942 2756 Περ.
1965 2692 2112 2759 5,1,
2137 2695 2295 2744 Tacit.
2314 2696 2464 2746 Anm

440 2778 465 2828 1
489 2813 504 2840 ,
530 2778 579 2827 4.
602 2806 659 2815 -—
679 2780 730 2831 3,
755 2780 813 2828 V.
839 2781 967 2829 Gau.
992 2781 1051 2841 2,
1077 2781 1158 2829 24.
1192 2780 1265 2827 Cf.
1292 2781 1410 2828 Tac.
1447 2782 1589 2830 Ann-
1627 2781 1688 2843 5,
1721 2782 1807 2829 52.
1845 2798 1957 2845 sqq.
1977 2812 2038 2820 —
2057 2784 2110 2847 4)
2135 2786 2210 2832 Cf.
2232 2786 2368 2833 Flor.
2393 2785 2458 2848 5,

442 2867 539 2931 12,
565 2868 647 2916 hic
670 2870 812 2917 solito
835 2869 1172 2918 tumidiorem.
1193 2897 1252 2905 —
1276 2868 1329 2932 5)
1365 2868 1439 2916 Cs.
1464 2868 1571 2917 Liv.
1602 2869 1662 2929 9,
1687 2870 1769 2919 46.
1795 2898 1857 2909 —
1880 2872 1931 2928 6,
1957 2872 2031 2920 Cf.
2066 2873 2185 2920 Tae.
2221 2875 2361 2922 Hist.
2396 2875 2459 2936 2,

442 2953 525 3002 58.
545 2956 675 3013 -7›
698 2955 771 3004 Cf.
794 2957 917 3004 Livii
939 2957 1197 3020 praesatio,
1222 2957 1445 3020 inprimis
1466 2957 1679 3055 Sallustii
1696 2959 1885 3008 Bellum
1904 2959 2011 3009 cat.
2036 2968 2088 3010 et
2109 2961 2226 3025 Jug.
2214 2997 2248 3027 .,
2274 2962 2383 3011 Cio.
2401 2964 2468 3011 do

442 3040 1346 3109 Rep.5,r1or.1,18et22‚3,12.

789 3196 867 3246 ΒΕ
911 3205 1315 3249 mmmm-Anum
1360 3202 1518 3250 Arm)
1566 3204 1858 3254 Romanos
1905 3206 2122 3254 CULTU.

538 3350 688 3413 401.
741 3345 921 3427 Quod
953 3348 1136 3433 vulgo
1165 3349 1376 3433 ajunt,
1405 3349 1750 3413 litterarum
1773 3350 2126 3437 artiumque
2151 3360 2465 3419 contemtu

445 3482 689 3526 morum
736 3459 1118 3545 asperitatem
1166 3461 1507 3547 conjungi,
1561 3461 1897 3548 eademque
1944 3461 2039 3525 his
2085 3462 2476 3549 degeneran-

448 3574 643 3657 tibus,
684 3573 802 3636 illis
851 3572 1122 3637 colendis
1178 3573 1352 3637 initia
1412 3595 1575 3655 esse,
1639 3573 1702 3636 id
1760 3575 1931 3638 nullo
1971 3575 2237 3639 lucidius
2280 3556 2503 3664 quam'

446 3688 875 3750 Romanorum
904 3687 1177 3771 exemplo
1227 3685 1495 3771 adparet.
1546 3687 1834 3770 Etenim,
1865 3684 2161 3774 quamdiu
2181 3738 2198 3773 ,
2231 3713 2340 3775 pro
2372 3693 2463 3757 li-

444 3797 675 3863 bertate
705 3802 898 3887 magis
936 3822 1122 3886 quam
1146 3799 1222 3864 de
1257 3801 1513 3885 imperio
1554 3802 2008 3887 pugnantibuS,
2049 3825 2293 3868 morum
2336 3828 2471 3872 cas—

451 3912 586 3990 titas
612 3935 813 3978 severe
840 3914 1135 3979 custodita
1159 3963 1176 3997 ,
1211 3913 1290 3977 ab
1317 3914 1660 3978 litterarum
1688 3916 2039 4003 artiumque
2077 3920 2249 3983 cultu
2280 3922 2470 3986 alieni

456 4037 849 4111 manserunt,
880 4038 1013 4113 post
1058 4026 1361 4092 Graeciam
1390 4013 1722 4114 Asiamque
1770 4027 2031 4093 devictas
2070 4030 2151 4095 ab
2197 4035 2478 4122 utrisque

2069 4143 2140 4203 51
