3111 4829
1320 381 1348 460 (
1391 380 1508 442 403
1549 378 1578 461 )

452 497 766 603 statuunt3
796 538 997 604 neque
1022 516 1254 582 mirum
1272 562 1290 597 ,
1312 514 1402 596 si,
1429 483 1597 600 quod
1623 512 1691 575 in
1718 509 2004 575 omnibus
2025 556 2042 590 ,
2073 508 2141 573 in
2167 509 2271 573 illa
2292 509 2465 574 inve·

451 634 679 699 niatur.
708 632 828 700 Sed
857 631 1143 697 dialectos
1169 651 1313 695 cum
1342 626 1839 713 pronuntiatione
1865 621 2258 702 confundunt
2288 623 2468 687 Cice-

452 737 617 809 ronis
648 744 772 834 (de
809 742 1000 807 Orat.
1032 743 1095 806 11
1121 791 1140 827 ‚
1173 737 1452 826 10-14.)
1481 738 1585 803 hic
1612 739 1745 803 loco
1773 738 2110 802 abutentes.

512 955 568 1016 1)
587 954 697 1003 Alia
713 953 906 1003 scilicet
916 953 1087 1001 sor-mae
1101 952 1354 1000 diversitas
1368 987 1385 1015 ,
1409 949 1470 1000 de
1489 966 1591 1014 qua
1612 949 1812 1013 insignis
1833 947 1970 996 loeus
1990 945 2166 1009 Polyb.
2187 945 2220 993 5
2234 982 2249 1007 ‚
2272 945 2355 993 23.
2375 944 2453 994 Cf.

446 1044 569 1093 Hor.
600 1043 712 1108 Ep.
743 1043 804 1108 2,
828 1044 853 1094 1
876 1081 893 1108 ,
915 1043 998 1092 86.
1017 1071 1077 1079 —
1098 1042 1149 1103 2)
1169 1041 1244 1090 Cf.
1275 1040 1481 1105 Ruperti
1502 1040 1732 1089 Grundr.
1755 1040 1809 1086 d.
1830 1038 2007 1086 Gesch.
2029 1063 2089 1074 —
2108 1037 2162 1083 d.
2182 1033 2382 1084 Roemoe·
2404 1050 2457 1097 p.

445 1134 562 1184 800.
580 1159 646 1172 --
663 1132 715 1198 3)
744 1132 884 1181 Unde
918 1137 1083 1182 autem
1105 1168 1120 1194 ‚
1158 1135 1211 1179 et
1233 1146 1325 1179 cur
1348 1129 1683 1179 introductam
1721 1128 1962 1191 fingamus
1979 1122 2004 1173 ‘z’
2044 1127 2086 1173 A
2120 1125 2257 1173 novis
2295 1124 2465 1170 Romae

444 1221 620 1271 incolis
639 1259 656 1287 ,
695 1238 760 1270 an
791 1238 820 1270 a
842 1226 1029 1270 mutata
1062 1220 1212 1269 totius
1234 1220 1360 1268 Latii
1380 1219 1547 1283 lingua
1568 1254 1585 1282 ,
1622 1232 1750 1266 anne
1768 1252 1785 1279 ‚
1808 1217 1849 1263 si
1881 1216 1973 1263 diis
2002 1216 2164 1278 placet
2182 1249 2198 1273 ,
2236 1228 2264 1259 a
2291 1212 2459 1262 sabula

441 1313 667 1361 Atellana
703 1307 780 1378 (§.
803 1310 951 1375 555.)
974 1347 990 1374 ‚
1026 1310 1090 1358 ab
1121 1309 1256 1358 Oscis
1279 1309 1430 1373 petita
1449 1345 1465 1371 ‚
1505 1308 1558 1356 iu
1590 1323 1689 1371 qua
1709 1342 1726 1370 ,
1760 1307 1864 1371 ipsa
1902 1312 2046 1368 gente
2076 1302 2289 1353 extincta
2307 1338 2325 1364 ‚
2350 1301 2466 1352 Osci

444 1414 685 1469 sermonis
698 1412 903 1476 vestigia
916 1413 1085 1461 Romu
1100 1416 1321 1477 εει-ναίεις
1347 1411 1479 1460 unde
1498 1411 1671 1458 Strabo
1688 1409 1724 1456 l.
1744 1407 1806 1471 5,
1847 1400 1947 1455 rii
1979 1393 2074 1471 μὶν
2115 1390 2222 1471 γιὲρ
2242 1391 2357 1451 '‘Oe-
2367 1415 2458 1449 aar

432 1509 830 1573 ι’κλιλοιπᾶτω
858 1558 874 1586 ,
899 1513 931 1578 η’
957 1509 1249 1574 διάλεκτος
1277 1505 1422 1585 μίηι
1460 1505 1610 1587 rapo}
1643 1507 1758 1569 τοῖς
1791 1500 2049 1580 Pupulus·
2069 1546 2085 1575 ‚
2107 1518 2207 1561 etc.
2231 1510 2309 1559 Cf.
2326 1508 2464 1558 Guil.

434 1616 707 1680 aSchlegel
751 1616 808 1664 V
802 1617 974 1666 arkas.
1014 1632 1064 1663 v.
1106 1616 1158 1666 2.
1192 1615 1386 1664 Vorles.
1411 1612 1462 1663 8.
1485 1613 1580 1662 Sed
1614 1610 1936 1674 interroganti
1967 1608 2109 1674 quis,
2139 1607 2192 1654 in
2234 1619 2335 1668 quo
2375 1618 2460 1650 ac·—

443 1704 667 1769 quiescas
680 1740 698 1769 ,
720 1699 1063 1769 responderit?

538 1900 691 1962 403.
739 1895 834 1960 De
878 1893 1119 1981 origine
1165 1901 1373 1958 autem
1399 1938 1417 1973 ‚
1448 1884 1826 1975 desperanda
1872 1885 2126 1973 quaestio
2151 1882 2428 1950 cernitur
2454 1930 2472 1966 ,

431 2035 467 2076 a
517 2033 701 2095 cujus
746 2009 1135 2096 potissimum
1194 2004 1396 2091 gentis
1446 2004 1665 2089 lingua
1712 1999 1928 2065 Latina
1979 2000 2055 2062 sit
2102 1994 2427 2062 derivanda
2453 2043 2471 2076 ‚

439 2125 656 2209 sparsis
671 2122 1090 2208 antiquissimo
1112 2130 1385 2204 tempore
1408 2139 1518 2202 per
1542 2115 1783 2178 Italiam
1802 2112 2112 2177 variarum
2134 2108 2459 2174 nationum

438 2236 694 2304 coloniis
720 2235 845 2325 (cf.
879 2231 1160 2298 Niebuhr
1188 2242 1249 2296 et
1277 2223 1739 2312 Wachsmuth)
1762 2274 1780 2307 ,
1808 2224 1876 2288 in
1905 2223 2194 2286 inferiore
2224 2230 2286 2284 et
2311 2241 2459 2282 me·-

435 2348 537 2414 dia
565 2348 751 2413 etiam
772 2347 936 2411 inter
965 2365 1161 2435 graece
1187 2344 1505 2429 loquentes
1528 2337 1796 2425 Pelasgis
1812 2384 1830 2420 ,
1859 2356 2012 2423 quos
2033 2331 2279 2398 eosdem
2310 2353 2457 2395 cum

434 2462 635 2546 Celtis,
657 2459 942 2526 nonnulli
966 2479 1114 2523 cum
1142 2453 1584 2541 Aboriginibus
1605 2474 1852 2539 quoque
1875 2448 2120 2515 eosdem
2149 2458 2459 2534 putavere3

436 2575 869 2643 accedentibus
895 2572 965 2637 in
995 2570 1203 2636 Sicilia
1236 2565 1883 2653 Carthaginiensibus,
1916 2564 1985 2627 in
2019 2561 2329 2648 superiore
2356 2583 2465 2624 au-

436 2702 566 2755 tem
595 2688 770 2752 Italia
800 2685 1120 2751 Gallorum
1156 2682 1463 2767 stirpibus,
1499 2668 1820 2771 Tot-enim
1857 2677 2178 2741 nationum
2204 2722 2223 2758 9
2249 2674 2467 2759 lingua

437 2802 917 2889 discrepantium
940 2847 959 2882 ‚
1026 2794 1451 2883 frequentibus
1481 2840 1500 2876 ,
1547 2790 1698 2879 quas
1749 2790 2068 2874 scriptores
2124 2797 2427 2851 testantur
2453 2833 2472 2868 ,

360 2994 363 2999 ¹
436 2916 906 3005 migrationibus
946 2922 1008 2975 et
1051 2907 1512 2987 commistione,
1553 2926 1801 2969 necesse
1852 2899 2306 2988 quodammodo
2353 2900 2476 2963 fuit

442 3031 507 3095 id
551 3027 868 3109 accidere,
918 3023 1085 3111 quod
1115 3023 1324 3086 multis
1352 3018 1622 3083 historiae
1657 3016 1903 3081 indiciis
1941 3015 2257 3099 colligitur
2278 3060 2295 3095 ,
2342 3012 2475 3077 sci—

441 3145 587 3209 licet
612 3190 631 3226 ,
657 3152 841 3226 atque
872 3139 941 3201 in
967 3134 1173 3200 media
1200 3132 1466 3197 maxime
1492 3129 1667 3194 Italia
1689 3177 1708 3213 ‚
1737 3127 1999 3213 ideoque
2030 3126 2098 3189 in
2122 3124 2292 3189 Latio
2312 3172 2329 3206 ,
2359 3124 2480 3188 lin-

446 3277 639 3345 guam
670 3254 923 3337 existere
952 3250 1212 3313 mixtam
1249 3244 1352 3333 1),
1388 3242 1492 3308 sed
1519 3243 1586 3307 in
1618 3264 1739 3329 qua
1770 3239 2205 3305 numerosioris
2235 3224 2435 3324 gentis
2461 3286 2479 3319 ,

444 3377 802 3442 Graecorum
824 3415 841 3449 ,
890 3363 1240 3450 praevaleret
1300 3355 1425 3445 2);
1478 3358 1636 3422 sicut
1682 3355 1905 3421 seriore
1958 3355 2174 3440 utique
2228 3373 2352 3415 aevo
2400 3352 2466 3414 iu

443 3493 871 3555 Romanorum
896 3497 1176 3541 sermone
1209 3471 1479 3537 evenisse
1518 3469 1861 3555 reperimus
1882 3518 1900 3551 ,
1930 3490 2114 3554 quam
2146 3489 2182 3530 a
2214 3464 2430 3529 Graeco
2458 3511 2476 3544 ‚

448 3603 684 3670 AEolica
738 3593 1070 3685 praesertim
1123 3587 1381 3653 dialecto
1404 3635 1422 3670 ,
1472 3584 1736 3667 deduci,
1788 3606 1883 3648 res
1934 3592 2024 3646 est
2074 3605 2109 3645 a
2160 3577 2482 3666 philologis

447 3713 695 3782 abunde
726 3712 1154 3777 demonstrata.
1190 3703 1317 3768 Nec
1349 3722 1486 3766 vero
1517 3698 1637 3764 hoc
1671 3695 2126 3764 admittendum
2154 3703 2441 3779 putamus
2463 3738 2482 3774 ‚

449 3840 556 3896 aut
581 3830 926 3895 Romanam
954 3845 993 3888 a
1036 3816 1251 3884 Latina
1272 3863 1291 3899 ‚
1335 3835 1524 3902 quam
1563 3812 1813 3900 fingunt
1844 3806 1947 3898 3),
1987 3820 2093 3874 aut
2122 3808 2478 3872 alterutram

452 3924 487 4010 a
516 3943 729 4007 Graeca
760 3937 1194 4007 vocabulorum
1223 3929 1444 4018 etymis
1474 3928 1651 3993 initio
1685 3947 1928 4013 prorsus
1971 3923 2267 3988 diversam
2290 3970 2308 4005 ,
2350 3930 2483 4006 post

454 4054 806 4124 similiorem
849 4074 974 4119 esse
1022 4051 1289 4133 factam3
1327 4040 1494 4133 quod
1538 4051 2023 4110 consentaneum
2073 4048 2163 4104 est
2215 4046 2480 4103 statuere
