3111 4829
1549 394 1804 481 (202)

667 532 840 614 dam,
882 540 942 594 et
982 530 1048 593 in
1093 528 1188 592 his
1226 528 1678 612 imperatoriam
1716 537 2075 614 potestatem
2108 550 2415 616 novosque
2458 534 2686 618 magis-

665 656 857 709 tratus
879 693 896 727 ,
915 653 1215 729 postremo
1244 639 1568 726 dignitates
1593 686 1612 722 ,
1651 649 1721 702 ut
1745 651 1962 704 vocant
1991 689 2010 725 ‚
2054 643 2374 729 utriusque
2403 645 2693 730 Imperii,

661 757 986 823 maximam
1004 766 1239 842 partem
1262 763 1479 817 ruente
1497 751 1631 835 jam
1667 751 1815 816 orbe
1838 753 2121 819 Romano
2142 754 2396 822 inducta
2417 780 2682 827 munera

662 871 989 955 titulosque
1015 916 1032 951 ,
1056 866 1406 931 brevissime
1428 866 1824 950 complexuri.

747 983 1067 1051 Victarum
1093 978 1371 1066 gentium
1394 976 1618 1042 divitiis
1647 977 2043 1066 moribusque
2066 983 2333 1067 corrupti
2362 1031 2380 1065 ,
2407 984 2678 1051 Romani

658 1099 727 1163 in
756 1106 946 1161 semet
1001 1093 1208 1158 saevire
1260 1101 1598 1177 coeperunt.
1652 1092 2025 1178 Respublica
2065 1095 2310 1181 Syllano
2364 1097 2526 1163 bello
2578 1100 2675 1163 vix

657 1234 888 1277 emersa
914 1259 931 1294 ,
967 1220 1029 1274 et
1053 1207 1473 1274 vehementius
1506 1206 1750 1272 adflicta
1766 1256 1783 1290 ‚
1810 1229 1999 1295 quam
2022 1220 2092 1273 ut
2122 1221 2277 1274 stare
2300 1210 2408 1276 diu
2436 1225 2670 1297 posset,

659 1330 840 1414 plane
875 1325 1109 1389 interiit
1130 1321 1400 1388 secundo
1426 1321 1589 1386 bello
1612 1321 1797 1385 civili.
1827 1321 2075 1386 Caesaris
2104 1321 2463 1388 dictaturam
2490 1347 2672 1390 exce-

655 1441 749 1526 pit
779 1436 1053 1503 acerbior
1088 1434 1551 1499 triumvirorum
1573 1432 1764 1497 libido
1783 1481 1800 1516 ,
1838 1433 2178 1498 fluctuante
2214 1436 2398 1499 etiam
2414 1437 2670 1502 civitatis

650 1564 844 1637 statu,
884 1562 1204 1638 postquam
1232 1570 1397 1613 unus
1420 1548 1790 1614 Octavianus
1812 1549 2152 1634 superavit,
2197 1547 2394 1616 donec
2413 1552 2490 1615 ad
2519 1575 2667 1618 eum

649 1689 890 1732 summa
912 1688 1121 1732 rerum
1148 1685 1449 1729 consensu
1480 1674 1723 1732 senatus
1746 1663 2081 1749 populique
2109 1661 2136 1752 (
2165 1685 2220 1728 a.
2255 1665 2329 1730 U.
2362 1665 2429 1732 C.
2456 1669 2603 1732 727.
2636 1663 2665 1754 )

655 1783 853 1847 delata
882 1790 990 1844 est.

737 1899 889 1961 220.
914 1894 1045 1959 Tali
1063 1890 1245 1957 modo
1263 1889 1597 1976 Augustus,
1621 1909 1811 1975 quam
1838 1900 2016 1954 autea
2040 1891 2103 1954 vi
2125 1900 2425 1975 tenuerat,
2457 1893 2669 1979 legiti-

648 2034 813 2076 mam
836 2018 1190 2095 potestatem
1208 2003 1481 2089 adeptus,
1505 2026 1540 2068 a
1560 2004 1886 2088 proposito,
1908 2004 2030 2069 sive
2049 2027 2190 2069 vero
2214 2006 2333 2070 sive
2363 2007 2664 2092 simulato,

652 2126 995 2189 libertatem
1025 2119 1322 2186 Romanis
1351 2115 1647 2183 reddendi
1683 2116 2024 2181 Maecenatis
2068 2120 2421 2185 auctoritate
2461 2118 2674 2186 deter-

644 2240 801 2302 ritus
830 2285 848 2320 ,
888 2233 1286 2320 ejusdemque
1333 2229 1551 2294 callido
1589 2229 1656 2292 iu
1690 2230 2003 2315 republica
2046 2231 2383 2299 ordinanda
2411 2236 2666 2300 consilio

647 2372 826 2433 usus,
854 2347 1187 2433 imperium
1217 2345 1302 2408 ita
1324 2343 1608 2428 retinuit,
1639 2354 1708 2407 ut
1739 2345 2004 2430 speciem
2031 2345 2325 2410 libertatis
2358 2349 2667 2436 relinque-

648 2475 742 2529 ret
771 2462 856 2551 1).
879 2463 1035 2526 Nam
1057 2509 1074 2543 ,
1096 2469 1386 2523 manente
1410 2470 1625 2524 senatu
1650 2507 1668 2542 ‚
1697 2459 2087 2523 manentibus
2109 2462 2333 2546 populo
2359 2464 2382 2550 (
2393 2461 2454 2544 ς.
2483 2459 2663 2551 228.)

645 2577 906 2644 comitiis
936 2623 953 2658 ,
998 2573 1219 2638 sensim
1245 2574 1529 2659 primaria
1558 2574 1877 2659 utriusque
1897 2573 2040 2657 jura
2064 2622 2082 2657 ,
2113 2596 2228 2638 nec
2261 2577 2467 2641 minus
2499 2601 2680 2643 sum-¹

643 2712 891 2758 morum
919 2689 1387 2775 magistratuum
1421 2698 1776 2772 potestatem
1815 2688 1883 2750 in
1933 2709 1995 2750 se
2023 2689 2200 2751 traxit
2242 2687 2333 2775 2).
2380 2690 2518 2770 Qua
2560 2714 2665 2756 ra-

642 2805 810 2870 tione
845 2823 1042 2890 quum
1081 2801 1210 2886 ipse
1250 2800 1667 2885 principatum
1705 2820 1886 2864 suum
1915 2800 2053 2863 satis
2092 2800 2425 2883 firmasset,
2474 2808 2662 2871 semel

648 2912 1054 3004 imperatoriae
1099 2914 1384 3000 potentiae
1426 2912 1731 2978 vindicata
1769 2912 1847 2978 ad
1906 2925 2140 2979 secutos
2186 2916 2447 2981 Caesares
2492 2920 2663 2985 velut

646 3029 984 3098 hereditate
1012 3028 1424 3111 transierunt3
1468 3027 1591 3092 sive
1633 3050 1705 3093 ea
1746 3030 1884 3115 lege
1927 3028 2192 3115 quadam
2215 3055 2461 3119 —quae
2491 3036 2663 3122 regia

644 3147 830 3232 vulgo
851 3192 870 3228 ,
903 3143 1008 3208 sed
1036 3142 1290 3228 Imperii
1330 3164 1576 3228 quoque
1597 3142 1692 3206 lex
1714 3141 1831 3232 (cs.
1854 3144 1978 3210 1.3.
2019 3142 2098 3213 C.
2137 3145 2216 3210 do
2247 3145 2417 3213 Test.
2441 3146 2466 3234 )
2493 3198 2509 3231 ‚
2541 3160 2600 3213 et
2622 3172 2661 3215 a

641 3254 1033 3346 Justiniano(
1050 3257 1093 3320 l.
1122 3278 1232 3321 un.
1255 3253 1315 3338 §.
1347 3258 1451 3320 14.
1481 3254 1552 3320 C.
1580 3255 1658 3319 do
1684 3254 1847 3322 Cad.
1877 3254 2061 3347 toll.)
2090 3260 2440 3345 Augustum
2458 3263 2658 3326 Privi-

637 3369 876 3456 legium
893 3379 1098 3433 vocata
1113 3415 1131 3451 ,
1154 3364 1463 3454 quamque
1476 3368 1541 3431 in
1564 3367 1854 3458 Diyeeit’s
1883 3382 1943 3434 et
1959 3369 2006 3434 Ι
2005 3374 2494 3437 restitutionibus
2514 3395 2656 3437 me·-

638 3493 939 3575 moratam
962 3478 1046 3568 3)
1073 3480 1465 3545 monumenti
1492 3480 1699 3564 etiam,
1727 3503 1850 3567 quo
1876 3482 2302 3572 contineatur(
2321 3486 2379 3567 §.
2414 3483 2562 3548 426.
2587 3481 2613 3571 )
2635 3532 2654 3568 ,

640 3596 995 3661 auctoritate
1022 3593 1389 3658 confirmant
1408 3605 1621 3657 —aut
1652 3597 1858 3660 omnia
1880 3606 1988 3661 aut
2017 3619 2087 3661 ex
2115 3606 2283 3680 parte
2319 3597 2651 3681 imperium

638 3709 1086 3794 capessentibus
1114 3708 1334 3773 tradita
1366 3731 1530 3793 esse,
1572 3709 1695 3774 sive
1719 3758 1736 3793 ,
1782 3709 1949 3796 quod
1977 3707 2349 3796 probabiiius
2399 3711 2652 3799 Hugoni

637 3820 876 3888 videtur
900 3871 918 3904 ,
946 3823 1248 3907 ejusmodi
1272 3825 1477 3910 legem
1500 3824 1737 3890 nullam
1762 3824 2019 3890 extitisse
2046 3818 2112 3908 4)
2134 3843 2436 3907 ponamus
2467 3821 2558 3911 5).

703 4002 754 4060 1)
773 4002 847 4049 Cf.
868 4002 956 4049 Dio
971 4004 1102 4051 Cass.
1123 4006 1212 4054 lib.
1230 4006 1294 4056 52
1309 4013 1359 4057 et
1383 4007 1467 4056 55.
1485 4036 1544 4044 -
1566 4008 1618 4072 2)
1637 4007 1755 4056 Tac.
1772 4007 1914 4055 Anu.
1937 4005 1993 4068 I),
2016 4006 2077 4068 2,
2103 4006 2192 4054 Dio
2212 4007 2343 4055 Cass.
2360 4008 2426 4056 55
2445 4046 2458 4071 ‚
2484 4009 2564 4058 17.
2584 4035 2650 4049 ι-

632 4092 685 4155 δ)
706 4090 778 4138 Cf.
800 4089 857 4137 D.
880 4091 939 4149 1,
964 4091 1112 4156 4,1,
1136 4094 1286 4143 Iuste.
1313 4095 1371 4157 1,
1393 4096 1451 4157 2,
1477 4092 1519 4162 §.
1545 4097 1596 4144 6.
1621 4097 1695 4144 Ct‘.
1730 4096 1847 4142 Tac.
1870 4095 2056 4143 Hisnt
2084 4133 2098 4157 ,
2127 4096 2218 4161 157,
2242 4098 2302 4159 2,
2330 4099 2423 4159 55,
2445 4099 2562 4147 43.
2585 4126 2646 4139 —-

2383 4342 2400 4375 d
