3111 4829
1521 395 1708 477 (304
1746 393 1772 477 )

642 532 778 627 'npq
812 532 973 616 ‚filia
1013 531 1303 618 Saturni,
1331 531 1492 596 Jovis
1542 554 1709 595 soror
1756 542 1820 595 et
1865 527 2055 617 uxor,
2099 533 2238 598 coeli
2293 531 2678 622 deorumque

644 649 859 735 regina
895 645 991 735 1),
1017 646 1247 732 nuptiis
1271 646 1452 710 etiam
1481 645 1843 730 praesidenS,
1871 647 2125 712 omnino
2152 649 2489 715 mulierum
2515 673 2681 736 prae-

644 762 826 848 cipue
850 781 1084 825 numen
1114 758 1220 848 2),
1252 783 1360 847 per
1390 759 1559 847 quod
1589 772 1649 824 et
1672 760 1967 844 jurabant
1991 760 2079 850 3).
2108 766 2323 828 Romae
2343 788 2488 829 cum
2528 767 2678 830 Jove

643 876 980 962 Capitolino
1011 875 1408 958 conjunctam
1441 873 1705 939 diximus
1738 874 1832 965 (§.
1866 872 2049 963 290.)
2072 876 2245 962 Vejis
2267 927 2284 961 ,
2307 878 2416 942 ubi
2447 878 2680 965 reginae

640 989 894 1052 nomine
931 987 1244 1052 colebatur
1295 983 1403 1074 4),
1443 995 1684 1052 evocata
1732 987 1828 1075 (§.
1867 983 2106 1076 331.),
2153 989 2369 1054 eodem
2422 990 2680 1055 nomine

645 1102 946 1187 templum
976 1099 1192 1164 hahuit
1221 1100 1288 1164 in
1317 1111 1533 1182 *monte
1576 1100 1879 1165 Aventino
1912 1098 2001 1188 5).
2026 1102 2164 1167 Post
2192 1105 2365 1188 plura
2393 1125 2680 1168 accesse-

645 1226 809 1280 runt.
843 1216 1012 1279 Inter
1034 1213 1402 1301 cognomina
1433 1211 1500 1302 6)
1533 1214 1793 1277 Junonis
1824 1215 2101 1300 pronuba
2125 1265 2142 1298 ,
2179 1215 2538 1299 domiduca,
2564 1216 2679 1300 ju-

647 1329 798 1416 galis
835 1326 946 1417 7),
980 1329 1245 1411 natalis,
1292 1327 1506 1413 regina
1557 1324 1664 1414 8),
1709 1338 1989 1393 matrona
2016 1378 2034 1411 ,
2083 1327 2375 1412 domina,
2403 1331 2677 1413 Lucina,

642 1442 948 1529 patulcia,
984 1441 1249 1524 fluonia,
1284 1441 1539 1527 sospita,
1590 1442 1836 1507 Moneta
1862 1490 1879 1524 ,
1918 1441 2149 1529 Argiva
2178 1492 2194 1527 ,
2232 1443 2478 1528 Samia3
2510 1465 2679 1509 sacra

645 1558 704 1621 ei
745 1577 936 1640 pavo,
985 1577 1203 1638 anser,
1255 1554 1566 1638 calendae3
1613 1554 1847 1641 effigies
1889 1565 2189 1620 matronae
2235 1556 2407 1642 regio
2459 1558 2677 1641 cultu3

641 1669 711 1733 in
740 1667 1044 1733 attributis
1079 1666 1396 1750 diadema,
1428 1667 1635 1731 velum
1668 1665 2094 1757 (stellatum),
2124 1678 2467 1756 sceptrum,
2498 1668 2677 1733 thro-

641 1805 801 1866 nus;
833 1781 1055 1846 nuntia
1078 1778 1213 1844 Iris.

707 1922 759 1983 1)
779 1920 918 1983 Virg-
943 1919 1065 1968 AEn.
1088 1918 1149 1982 1,
1174 1916 1257 1967 46.
1283 1944 1342 1953 —
1369 1916 1422 1980 2)
1448 1916 1523 1965 Cf.
1547 1916 1678 1965 Ptin.
1703 1915 1764 1980 2,
1787 1916 1851 1981 7,
1875 1917 1990 1966 Son.
2016 1917 2129 1983 Ep.
2156 1918 2280 1981 110,
2303 1918 2418 1969 Tib.
2443 1919 2504 1983 4,
2533 1919 2585 1969 6.
2607 1947 2671 1958 —-

639 2010 694 2077 ὅ)
721 2011 796 2060 Cf.
834 2010 947 2058 Tib.
973 2008 1036 2073 5,
1059 2008 1091 2058 6
1113 2044 1129 2070 ,
1153 2005 1249 2071 48,
1275 2004 1333 2069 4,
1365 2005 1459 2068 13,
1490 2004 1550 2056 15
1571 2043 1587 2069 ,
1611 2006 1773 2055 Juveu
1794 2006 1860 2071 2,
1885 2006 1969 2056 98.
1989 2034 2053 2045 -
2077 2007 2131 2062 4)
2163 2007 2305 2057 ovid.
2339 2011 2458 2058 Am.
2492 2008 2559 2072 5,
2587 2007 2672 2058 12.

642 2102 774 2167 -5)
801 2100 858 2150 G.
875 2098 983 2148 Liv.
1007 2097 1070 2163 5,
1094 2097 1154 2146 21
1181 2100 1234 2144 et
1253 2095 1340 2148 22.
1358 2121 1422 2133 -
1440 2094 1493 2160 6)
1518 2095 1582 2143 V.
1606 2095 1843 2160 Kipping.
1866 2097 2078 2161 Anst'qq.
2102 2097 2255 2148 Rom.
2280 2113 2332 2163 p.
2359 2098 2440 2148 12.
2473 2114 2584 2163 sqq.
2606 2126 2672 2137 —·

638 2193 695 2259 7)
716 2191 866 2257 Apul.
885 2189 1015 2239 Met.
1037 2187 1078 2235 l.
1100 2187 1161 2250 2,
1184 2200 1237 2250 p.
1264 2182 1352 2234 121
1378 2220 1394 2246 ,
1419 2200 1575 2248 quam
1597 2191 1815 2233 cunctus
1838 2185 2025 2235 Oriens
2047 2186 2098 2236 Z
2100 2190 2273 2251 yqiam
2294 2195 2567 2239 veneratur
2582 2223 2600 2255 ,
2623 2196 2676 2239 σε

640 2283 807 2334 omnin
832 2279 1078 2330 Occidens
1099 2275 1378 2325 Lucinam.
1393 2299 1458 2311 -
1481 2274 1534 2336 8)
1560 2273 1636 2321 Cf.
1655 2274 1685 2321 J
1691 2290 1836 2324 uven.
1860 2275 1940 2338 12,
1963 2273 2015 2324 5.

731 2399 884 2463 297.
932 2395 1145 2477 Ceres,
1190 2390 1420 2457 Graecis
1469 2386 1728 2474 Δημῆτηρ
1765 2441 1782 2476 ,
1840 2402 1998 2457 terra
2045 2403 2242 2458 mater
2278 2391 2386 2481 1),
2423 2394 2674 2461 Saturni

640 2511 769 2577 filia
788 2559 807 2595 ,
837 2521 1032 2575 mater
1068 2508 1447 2594 Proserpinae
1466 2556 1483 2590 ,
1514 2509 1773 2594 frugum
1794 2556 1811 2591 ,
1842 2518 1903 2571 et
1926 2482 2107 2571 terrae
2151 2508 2458 2591 colendae,
2502 2508 2674 2573 unde

641 2623 1066 2690 mansuetioris
1095 2622 1231 2686 vitae
1270 2632 1330 2686 et
1360 2622 1677 2686 civitatum
1710 2622 2047 2707 legumque
2078 2622 2252 2684 initia
2282 2670 2297 2705 ‚
2327 2622 2633 2685 inventrix
2656 2670 2675 2705 ,

641 2739 804 2803 alma
826 2748 1021 2801 mater
1046 2734 1135 2824 2).
1160 2736 1322 2800 Hinc
1345 2735 1585 2800 Cereris
1605 2757 1886 2817 munera,
1907 2735 2314 2817 frumentum,
2335 2734 2528 2819 panis,
2549 2745 2672 2800 etc.

641 2853 782 2917 Jam
804 2850 919 2915 sub
940 2847 1219 2914 Evandro
1241 2898 1257 2931 ,
1287 2850 1335 2911 si
1361 2850 1725 2936 Dionysium
1751 2847 2089 2935 sequimur,
2111 2846 2275 2910 culta
2300 2894 2318 2929 ,
2345 2847 2525 2911 Ceres
2548 2846 2676 2931 pri-

640 2985 819 3029 mum
845 2966 1060 3031 Romae
1082 2962 1380 3048 templum
1405 2972 1584 3026 nacta
1610 2960 1847 3026 videtur
1868 2962 2050 3047 paulo
2073 2970 2205 3046 post
2223 2960 2426 3046 Reges
2448 2941 2676 3043 ejectos

644 3076 740 3168 (a.
785 3072 980 3163 258.)
1004 3125 1020 3158 ,
1052 3097 1175 3164 quo
1205 3098 1351 3140 cum
1394 3075 1499 3139 illa
1539 3075 1860 3159 conjuncti
1897 3076 2078 3140 Liber
2120 3085 2180 3138 et
2217 3074 2431 3139 Libera
2458 3069 2549 3161 3).
2595 3073 2673 3137 In

642 3190 925 3277 epithetis
953 3190 1082 3255 deae.
1128 3194 1445 3276 ponuntur
1485 3190 1644 3253 alma
1669 3239 1688 3271 ‚
1729 3190 1883 3256 flava
1908 3238 1925 3272 ,
1970 3189 2250 3275 spicifera
2274 3237 2291 3271 ,
2334 3209 2673 3253 mammosa

642 3301 762 3393 (cf.
808 3300 1031 3387 Cybele
1073 3312 1132 3365 et
1172 3297 1455 3389 Tellus),
1495 3299 1806 3384 taedifera,
1835 3325 1870 3367 a
1912 3301 2039 3366 filia
2078 3303 2329 3389 quaesita
2353 3350 2370 3384 ,
2410 3301 2671 3388 legifera

642 3411 993 3503 (οισμοφέμς
1011 3411 1067 3504 ),
1091 3415 1375 3479 Eleusina
1406 3411 1824 3505 (Eleusinia),
1853 3416 2119 3500 Ennaea3
2149 3416 2216 3480 in
2247 3415 2432 3480 sacris
2461 3414 2670 3479 Cereri

640 3531 879 3617 fruges,
917 3550 1177 3616 papaver
1198 3576 1215 3610 ,
1242 3549 1425 3612 porca
1454 3524 1562 3613 4),
1588 3526 1992 3592 instrumenta
2018 3527 2265 3591 rustica.
2292 3526 2674 3611 Fingebatur

639 3643 857 3709 habitu
899 3642 1117 3708 deooro
1137 3691 1154 3725 ,
1185 3633 1455 3727 spiceam'
1481 3661 1772 3705 coronam
1802 3640 2001 3725 capito
2022 3689 2038 3722 ,
2077 3652 2183 3705 aut
2207 3661 2502 3724 papavera
2528 3689 2545 3723 ,
2576 3643 2674 3706 vel

641 3758 766 3821 sola
791 3758 883 3821 vel
910 3755 1088 3842 spicis
1126 3754 1303 3819 mista
1325 3802 1342 3836 ,
1372 3774 1565 3818 manu
1597 3753 1794 3818 facem
1826 3763 1934 3818 aut
1967 3773 2301 3838 papavera,
2341 3752 2488 3817 alias
2518 3775 2673 3817 σοι·-

639 3871 921 3956 nuoopiae
956 3881 1064 3934 aut
1088 3870 1309 3934 falcem
1331 3918 1348 3952 ,
1385 3880 1492 3932 aut
1528 3867 1764 3933 hastam
1804 3868 1933 3931 sine
1976 3869 2137 3931 ferro
2181 3883 2416 3953 gerens.
2461 3868 2672 3932 Inter-

642 3981 885 4046 durnin
924 4005 1114 4048 curru
1156 3982 1523 4047 draconibus
1563 3992 1727 4047 vecta
1754 4030 1771 4064 ,
1814 3979 2127 4045 interdum
2168 3979 2407 4046 Baccho
2445 3981 2667 4047 sociata

642 4096 933 4161 cernitur.
