3111 4829
1388 365 1412 447 (
1454 364 1577 427 285
1617 361 1643 446 )

488 499 699 565 vandae
722 500 914 587 gratia
938 496 1348 584 jureconsulti
1370 497 1699 563 formulam
1724 494 1955 562 finxere
1974 543 1992 579 ,
2016 518 2139 582 quo
2164 495 2507 563 dominium

487 613 610 678 litis
638 612 962 702 (dominus
981 660 1000 695 ,
1037 609 1206 692 κόμας
1236 608 1432 699 δίκης)
1465 611 1531 674 in
1565 620 2017 695 procuratorem
2044 611 2326 674 transiret
2353 610 2443 699 9).

558 774 612 832 1)
631 774 682 837 5,
703 775 857 824 56.-
872 774 925 839 2)
945 773 1030 823 Fr.
1051 774 1103 822 Ξ.
1124 768 1168 842 ᾗ.
1195 773 1227 822 2
1248 779 1299 821 et
1316 772 1367 820 7.
1391 773 1453 821 cle
1478 772 1625 836 Oriq.
1645 771 1768 820 Jur.
1791 800 1849 808 —
1871 772 1923 836 5)
1950 772 2120 820 Sacras
2135 772 2357 835 quinque
2377 771 2516 821 libris

490 866 799 929 complexum
812 901 828 927 ,
853 871 985 913 sexto
1004 868 1207 912 ceteras
1228 864 1361 927 leges
1377 862 1554 926 regias,
1574 860 1926 927 appendicem,
1947 862 2182 925 adjecisse
2195 898 2210 924 ,
2233 863 2373 911 suere
2387 899 2402 925 ,
2427 862 2516 925 qui
2546 883 2552 888 ·

490 954 897 1018 suspicarentur„
912 969 1002 1017 pro
1025 968 1231 1001 numero
1266 953 1319 1001 in
1349 953 1470 1003 loco
1493 951 1753 1016 Pomponii
1775 952 2072 1015 accipientes
2090 988 2106 1015 ,
2132 952 2266 1015 quod
2286 952 2517 1002 librario*

491 1056 603 1090 rum
626 1057 795 1090 errore
834 1042 887 1089 in
911 1057 1194 1106 praenomen
1221 1041 1346 1089 Sexti
1374 1041 1436 1088 sit
1457 1046 1701 1089 mutatum
1719 1055 1735 1106 3
1761 1046 1812 1088 et
1832 1041 1963 1089 favet
2001 1043 2306 1105 conjectura}
2343 1040 2523 1106 Diony-

492 1131 592 1180 sius
612 1169 628 1196 ,
652 1131 755 1197 Caji
795 1147 1080 1197 praenomen
1114 1130 1339 1193 Papirio,
1364 1146 1463 1178 non
1503 1131 1630 1178 Sexti
1669 1130 1874 1179 faciens.
1896 1158 1957 1167 -—
1978 1129 2029 1192 4)
2060 1130 2120 1177 V.
2161 1131 2302 1193 Ilugo
2340 1127 2384 1197 ᾗ.
2417 1130 2482 1178 56
2503 1164 2519 1192 ,

493 1221 776 1287 Hackeldey
815 1219 997 1288 §.19‚
1020 1227 1070 1269 et
1102 1226 1270 1269 notam
1293 1222 1470 1269 Ritteri
1491 1221 1551 1269 ad
1576 1221 1720 1270 licin.
1741 1221 1883 1270 Hine.
1919 1221 2042 1270 Jur.
2080 1218 2130 1287 §-
2168 1220 2251 1270 17.
2277 1249 2335 1257 —
2354 1219 2407 1282 5)
2443 1205 2518 1268 Cf.

492 1309 623 1358 Ptin.
653 1311 715 1372 6,
735 1309 802 1360 65
816 1347 833 1374 ,
857 1313 1038 1374 ingens
1060 1311 1303 1372 atr-inquo
1325 1311 1587 1359 advocatio
1604 1344 1622 1374 ,
1662 1318 1710 1358 et
1729 1326 2004 1360 numerosa
2039 1293 2283 1361 subsellio
2297 1338 2359 1349 —
2385 1310 2438 1371 6)
2456 1309 2520 1356 V.

495 1399 643 1448 Hein.
663 1399 814 1463 Synt.
836 1398 897 1463 ⁴,
923 1398 984 1448 10
1003 1436 1019 1462 ,
1050 1399 1106 1447 5.
1137 1397 1213 1446 ef.
1236 1398 1340 1463 Caj.
1370 1399 1430 1463 4,
1455 1399 1537 1447 82.
1558 1415 1670 1462 sqq.
1687 1425 1753 1440 --
1770 1398 1824 1463 7)
1848 1398 1925 1449 Ct‘.
1941 1400 2042 1447 nor
2058 1399 2168 1450 Sat.
2187 1400 2251 1462 2,
2271 1400 2335 1465 5,
2354 1400 2438 1450 57.
2458 1425 2524 1442 -o

494 1487 547 1552 8)
584 1488 687 1553 Caj.
712 1486 772 1551 4,
809 1486 874 1535 83
889 1524 906 1552 ,
934 1491 1165 1552 coquitur
1183 1491 1322 1536 —in
1345 1488 1482 1537 litem
1505 1504 1675 1536 coram
1698 1488 1988 1556 adversario
2010 1488 2342 1537 substituitur
2366 1518 2426 1527 —
2448 1491 2523 1542 ib.

495 1575 562 1626 84
580 1613 595 1641 ,
615 1583 920 1640 procurator
939 1592 1051 1625 vero
1075 1577 1235 1626 nullis
1256 1579 1404 1625 cerh's
1427 1576 1587 1624 verbis
1607 1580 1665 1624 in
1688 1578 1823 1625 litem
1846 1580 2209 1637 constituitur-,-
2230 1580 2320 1627 sed
2338 1595 2397 1628 ax
2419 1582 2523 1629 solo

496 1666 735 1714 mandato
754 1700 769 1728 ‚
793 1671 844 1713 et
873 1665 1072 1714 absente
1089 1672 1139 1714 ot
1158 1668 1426 1729 iqnomnte
1455 1667 1778 1728 adversario,
1803 1668 2151 1715 constituitur.
2193 1667 2337 1730 Quin
2371 1672 2526 1718 etiam

496 1762 648 1820 sunt,
673 1757 769 1818 qui
789 1761 983 1818 putant
994 1791 1014 1820 ,
1037 1761 1091 1806 et
1110 1771 1226 1805 eum
1243 1762 1626 1821 procuratorum
1648 1757 1816 1804 videri
1825 1791 1843 1819 ,
1871 1757 1964 1806 cui
1978 1772 2085 1805 non
2107 1758 2176 1805 sie
2194 1759 2491 1808 mandatum
2509 1796 2525 1825 ,

494 1846 547 1892 n·
565 1846 709 1896 modo
730 1844 861 1894 bona
880 1846 980 1909 fido
1000 1848 1208 1895 accedat
1228 1846 1300 1896 ad
1319 1847 1578 1914 negotium
1598 1880 1614 1908 ,
1637 1851 1689 1893 et
1707 1850 1880 1896 caveat
1895 1880 1910 1906 ,
1947 1851 2113 1894 ratam
2135 1861 2239 1898 rem
2262 1847 2527 1900 dominum

498 1936 857 1988 habiturum...
875 1961 936 1975 -
960 1934 1015 1997 9)
1034 1935 1097 1983 V.
1122 1936 1248 1987 llein
1269 1936 1341 1984 ib.
1362 1932 1407 2003 §.
1432 1934 1483 1985 4.
1507 1934 1583 1985 Cf.
1610 1934 1712 2006 Caj.
1737 1934 1774 1981 1.
1800 1949 1881 2008 cg,
1904 1933 1990 1981 nbi
2013 1940 2064 1983 et
2088 1935 2331 1986 sormulae.

593 2105 746 2168 273.
796 2103 871 2165 In
907 2102 1035 2186 ipsa
1073 2102 1313 2166 actione
1353 2120 1552 2165 causae
1581 2100 1829 2184 privatas
1866 2098 1999 2163 haec
2042 2100 2349 2165 observata
2380 2123 2530 2166 me·-

501 2224 841 2281 morantur.
893 2216 973 2278 Ut
1016 2213 1090 2277 lis
1131 2211 1558 2277 intenderetur
1583 2260 1600 2294 ,
1650 2211 1870 2296 petitor
1915 2211 2327 2276 adversarium
2359 2263 2376 2297 ,
2424 2214 2528 2279 sed

504 2338 670 2390 extra
709 2325 965 2389 domum
1003 2325 1172 2410 ejus,
1229 2325 1297 2388 in
1355 2326 1459 2409 jus
1511 2324 1803 2389 vocabat:
1862 2325 2050 2410 quisi
2114 2318 2230 2390 nec
2284 2327 2528 2416 venire,

503 2465 623 2507 nec
671 2440 978 2505 vindicem
1028 2439 1174 2505 dare
1216 2440 1397 2503 vellet
1445 2435 1548 2528 1),
1596 2438 1858 2524 petitor,
1896 2438 2171 2505 invocato
2217 2450 2365 2505 teste
2395 2441 2530 2532 (an-

519 2566 787 2621 testatus.
842 2557 902 2640 §.
950 2551 1131 2639 97.),
1191 2554 1321 2620 vim
1392 2551 1685 2617 adhibere
1732 2561 2003 2638 poterat3
2064 2552 2231 2618 unde
2292 2555 2532 2619 obtorto

506 2670 669 2735 collo
700 2672 775 2733 in
793 2670 921 2755 jue
950 2682 1185 2754 rapere
1213 2663 1322 2755 2),
1353 2665 1520 2753 quod
1561 2665 1641 2730 ad
1673 2676 1866 2730 certas
1891 2687 2105 2731 causas
2134 2665 2230 2757 (v.
2258 2670 2316 2754 §.
2347 2665 2529 2756 274.)

510 2781 1096 2868 restringitDupont
1119 2777 1208 2869 3).
1237 2780 1452 2861 Quum
1473 2779 1550 2844 ad
1576 2780 1905 2843 Praetorem
1932 2779 2266 2862 venissent,
2291 2782 2530 2866 petitor,

509 2897 836 2980 actionem,
863 2897 906 2961 i.
935 2918 1016 2979 e.,
1039 2894 1298 2959 utlitem
1324 2892 1646 2958 intendere
1677 2895 1907 2979 liceret,
1934 2896 2212 2982 petebat;
2243 2906 2374 2959 tum
2403 2894 2531 2961 dies

508 3011 768 3093 actioni,
801 3011 923 3075 sive
960 3030 1157 3076 cansae
1195 3007 1635 3094 cognoscendae
1653 3057 1671 3092 ‚
1716 3011 2083 3096 plerumque
2114 3009 2487 3095 perendinus
2510 3058 2528 3093 ,

508 3121 1026 3206 constituebatnr3
1058 3131 1121 3184 et
1169 3119 1547 3185 adversarius
1596 3142 1659 3185 se
1706 3122 2190 3207 comparitnrum
2243 3124 2529 3209 cavebat3

510 3254 633 3323 quo
670 3236 1026 3303 referuntur
1068 3233 1305 3299 vadem
1357 3234 1521 3298 dare
1541 3280 1567 3310 ,
1619 3234 2071 3300 vadimonium
2103 3241 2482 3324 promittere
2505 3285 2532 3316 ,

508 3351 756 3416 vadari
784 3349 1078 3438 aliquem
1111 3345 1223 3432 4),
1260 3348 1714 3414 vadimonium
1744 3348 2010 3435 differre
2044 3348 2135 3439 5).

599 3467 716 3532 Die
757 3466 1125 3554 cognitionis
1156 3462 1256 3553 6),
1301 3466 1543 3530 actione
1585 3466 1741 3548 rite,
1774 3467 1929 3552 legis
1965 3467 2344 3551 actionibus,
2387 3470 2533 3534 for-

511 3582 699 3647 mulis
718 3631 737 3667 ,
763 3584 997 3649 intenta
1024 3630 1042 3663 ,
1088 3578 1506 3665 stipulationes
1535 3578 1916 3671 (satisdatio)
1940 3582 2120 3646 variae
2144 3632 2160 3665 ‚
2187 3584 2255 3646 in
2290 3583 2489 3671 iisque
2514 3634 2531 3668 ,

512 3709 804 3762 monente
833 3697 1124 3782 Dupont,
1152 3693 1228 3759 de
1259 3694 1568 3760 calumnia
1595 3743 1613 3778 ,
1642 3717 1764 3782 quo
1790 3697 2057 3782 pertinet
2081 3698 2488 3765 calumniam
2511 3748 2536 3778 ,

516 3810 595 3874 de
632 3811 976 3875 calumnia
993 3811 1245 3897 jurare
1275 3808 1379 3897 7),
1423 3818 1485 3872 et
1510 3819 1743 3873 temere
1787 3809 2161 3895 litigantium
2202 3833 2382 3898 poena
2421 3811 2490 3903 8)
2513 3863 2531 3900 ,

515 3925 719 3990 cautio
781 3924 1267 4008 interveniebat3
1316 3945 1507 4011 quam
1551 3923 1720 4010 apud
1772 3921 2053 4009 judicem
2102 3926 2530 4013 intervenisse,

514 4040 700 4125 vulgo
732 4037 1145 4108 crediderunt.
1177 4039 1319 4120 Quo
1362 4039 1519 4104 sacto
1564 4041 1790 4107 Praetor
1811 4089 1828 4123 ‚
1879 4041 2275 4129 quaestionem
2316 4064 2352 4108 e
2391 4043 2529 4106 liti-
