3111 4829
1282 393 1308 471 (
1353 390 1538 471 121.)

403 524 563 586 buhr,
586 524 684 572 vol.
704 523 754 571 1.
774 537 885 587 pag.
902 522 999 572 264
1017 557 1032 585 ‚
1055 521 1247 570 Livium
1269 535 1455 571 errasse
1475 519 1781 584 suspicatur,
1798 524 1979 585 proter
2001 522 2277 585 centurias,
2301 537 2425 584 quas

406 627 544 660 senas
562 648 578 675 ‚
597 611 681 660 sed
697 616 1033 660 trecentorum
1052 626 1300 674 quamque
1321 608 1535 657 militum
1554 645 1570 671 ‚
1595 608 1892 672 Tarquinius
1911 609 2109 659 Priscus
2130 611 2396 675 reliquerat
2411 648 2427 673 ‚

409 701 528 748 alias
561 700 824 749 duodecim
859 693 1105 749 centurias
1137 698 1423 761 fingentem.
1460 697 1609 745 Nobis
1641 697 1790 747 liceat
1810 698 2055 749 dubitare.
2079 700 2320 751 Caeterum
2340 738 2354 765 ,
2388 703 2428 749 si

410 794 546 839 recte
564 789 648 838 hic
669 787 836 837 Livius
852 824 869 850 ‚
897 787 1101 835 idonens
1121 786 1251 836 idem
1267 791 1440 835 auctor
1466 786 1561 835 erit
1577 785 1702 851 illis,
1725 787 1813 850 qui
1835 786 2014 852 duplex
2037 788 2435 853 equitnmgenus

412 880 686 942 antiquitus
702 880 806 942 jam
827 878 976 927 fuisse
991 878 1270 926 existimant
1287 913 1303 939 ‚
1322 877 1386 926 ab
1402 877 1560 926 altero
1575 882 1854 940 equs-trem
1871 877 2096 927 ordinem
2118 878 2435 928 deducentes.

416 967 490 1015 Cs.
527 966 630 1015 Cic.
667 967 728 1014 ds
756 965 976 1029 Republ.
1011 964 1076 1028 2,
1108 964 1174 1013 20
1195 970 1246 1013 et
1266 965 1508 1027 22.--6)
1533 964 1597 1011 V.
1624 963 1732 1012 Liv.
1755 962 1814 1026 1,
1847 963 1941 1028 455
1975 964 2044 1012 cs.
2077 964 2137 1028 5,
2162 963 2227 1030 ⁷,
2265 965 2396 1015 etio
2420 1004 2433 1031 ‚

421 1055 500 1103 16.
520 1083 576 1091 -—
592 1053 654 1117 7)
680 1053 754 1101 Cf.
776 1054 880 1101 Cic.
901 1054 961 1102 ds
982 1052 1113 1116 Καρ.
1139 1053 1199 1117 2,
1224 1053 1319 1116 20,
1338 1052 1513 1116 Polyb.
1538 1050 1601 1116 6,
1637 1051 1720 1101 18.

515 1200 662 1261 136.
713 1196 816 1273 Sic
862 1195 939 1259 ab
982 1195 1197 1258 Romae
1226 1192 1417 1256 initiis
1451 1192 1684 1261 civium
1719 1194 1972 1261 classem
2013 1194 2135 1258 sive
2163 1193 2443 1259 ordinem

408 1310 721 1399 ‚habemus
749 1330 907 1394 equo
933 1306 1297 1371 militantem
1323 1355 1340 1387 ‚
1384 1326 1645 1391 eamque
1674 1327 1820 1370 cum
1841 1305 1995 1370 urbe
2022 1355 2038 1388 ,
2083 1308 2133 1372 si
2172 1330 2296 1372 non
2342 1332 2450 1395 per

430 1422 850 1511 generationes
870 1468 888 1503 ,
932 1419 1102 1484 novis
1137 1430 1303 1484 certe
1332 1418 1581 1483 familiis
1612 1417 1872 1483 subinde
1895 1418 2144 1483 adlectis
2164 1433 2408 1486 auctam
2431 1472 2448 1505 ,

430 1547 722 1602 caeterum
754 1558 789 1599 e
817 1532 1084 1619 patriciis
1105 1541 1166 1596 et
1187 1530 1443 1615 plebejis
1470 1531 1723 1595 mixtam
1740 1579 1758 1614 ,
1796 1542 1857 1595 et
1885 1552 2072 1596 censu
2090 1582 2106 1615 ,
2127 1556 2451 1620 nunquam

429 1670 555 1713 non
582 1696 599 1730 ,
648 1647 865 1732 opinor
886 1693 904 1727 ‚
951 1643 1263 1731 equitibus
1300 1643 1625 1708 constituto
1672 1641 1745 1729 1)
1791 1642 2111 1709 ditioribus
2148 1646 2458 1712 adnume-

430 1760 687 1827 randam
708 1808 726 1843 ,
762 1782 964 1846 neque
983 1759 1063 1822 ob
1091 1759 1275 1823 aliam
1292 1807 1310 1841 ,
1341 1769 1412 1822 ut
1440 1779 1584 1823 sane
1605 1768 1894 1843 putamus
1916 1807 1934 1841 ,
1962 1781 2207 1824 causam
2230 1761 2459 1825 summi

431 1897 650 1940 census
681 1873 974 1938 centuriis
1005 1870 1105 1961 (§.
1139 1871 1325 1952 144.)
1363 1871 1688 1957 adjectam.
1733 1871 1855 1936 Sed
1880 1872 2139 1937 eandem
2171 1875 2420 1940 classem
2441 1924 2457 1956 ,

435 1988 578 2052 licet
606 1987 866 2051 fortunis
888 1996 948 2050 et
976 1985 1271 2070 equestris
1292 1984 1528 2049 mititiae
1555 1983 1819 2067 honore,
1852 1987 1917 2050 in
1939 1987 2149 2050 multis
2173 1990 2461 2070 gentibus

436 2120 545 2184 per
593 2099 813 2164 saecula
864 2106 1193 2182 propagato
1247 2092 1360 2182 2),
1402 2096 1713 2178 emineat,
1758 2097 1931 2160 nullo
1960 2097 2104 2180 jure
2149 2099 2458 2163 fruentem

432 2212 753 2293 videmus,
793 2233 916 2297 quo
957 2219 1246 2293 potestate
1274 2208 1436 2272 inter
1459 2220 1736 2273 senatum
1761 2211 2184 2296 populumque
2223 2213 2463 2296 media,

438 2338 547 2392 aut
569 2327 734 2391 civili
760 2322 1112 2387 conditione
1150 2345 1185 2387 a
1215 2320 1394 2407 plebe
1418 2320 1651 2385 diversa
1672 2320 1913 2386 dicatur
1935 2372 1952 2404 ,
2002 2324 2119 2387 nisi
2160 2325 2224 2391 id
2261 2326 2464 2410 ipsum

438 2439 520 2505 ad
541 2436 908 2502 conditionis
935 2434 1344 2500 diversitatem
1367 2432 1676 2499 trahamus
1695 2483 1712 2518 ,
1734 2435 1899 2522 quod
1922 2458 2080 2522 equo
2096 2486 2113 2520 ‚
2154 2460 2280 2503 non
2305 2440 2468 2503 inter

441 2552 676 2640 pedites
697 2549 998 2614 militabat
1034 2552 1072 2612 3
1092 2544 1147 2634 ).
1180 2547 1262 2610 At
1281 2547 1465 2632 longe
1484 2548 1602 2611 alia
1627 2548 1778 2611 ratio
1801 2595 1820 2631 ‚
1851 2562 2169 2636 postquam
2200 2563 2341 2617 nota
2365 2553 2470 2619 illa

440 2665 751 2754 Equestris
791 2661 1041 2726 Ordinis
1069 2660 1385 2747 privilegia
1413 2682 1485 2723 eo
1521 2661 1955 2747 ipsotempore
1980 2664 2216 2750 equites
2238 2687 2467 2730 conse-

446 2781 574 2846 cuti
613 2788 797 2859 sunt,
831 2797 1028 2862 quum
1057 2796 1283 2860 genere
1299 2773 1433 2857 jam
1455 2774 1655 2858 magis
1673 2823 1691 2857 ,
1724 2797 1912 2861 quam
1949 2777 2268 2846 militando
2300 2782 2478 2864 pris-2

448 2915 595 2959 cum
640 2911 868 2955 nomen
912 2887 1342 2968 retinuerunt,
1396 2886 1625 2972 quippo
1684 2899 1917 2952 mutato
1941 2939 1960 2972 ,
2020 2903 2127 2956 aut
2191 2894 2474 2979 neglecto

452 3008 727 3072 instituto
748 3051 767 3087 ,
820 3024 942 3090 quo
993 3023 1064 3064 ex
1117 2999 1192 3064 iis
1244 2999 1382 3064 solis
1423 3000 1745 3084 legionum
1787 3002 2097 3086 equitatus
2148 3005 2473 3089 legeretur.

457 3123 828 3208 Quanquam
882 3128 1017 3181 tum
1075 3134 1322 3201 quoque
1373 3114 1598 3184 multos
1647 3135 1806 3199 equo
1858 3114 2104 3198 publico
2157 3118 2478 3202 militasse,

465 3235 753 3319 exemplis
773 3230 1092 3315 colligeres
1109 3275 1127 3310 ,
1155 3248 1282 3290 non
1304 3235 1507 3289 tamen
1523 3274 1541 3308 ,
1568 3226 1785 3311 opinor
1804 3274 1822 3308 ,
1847 3238 2081 3300 coactos
2106 3228 2203 3316 4).

530 3421 590 3487 1)
612 3421 686 3470 Cf.
710 3420 881 3467 Creuz.
904 3413 948 3484 ξ.
966 3412 1050 3463 88.
1071 3442 1131 3450 --
1149 3411 1212 3476 2)
1239 3412 1315 3459 Cf.
1339 3411 1461 3476 Nep.
1485 3411 1538 3459 in
1554 3414 1662 3461 Aet.
1684 3428 1736 3459 c.
1759 3411 1806 3460 1.
1828 3440 1888 3449 --
1913 3412 1976 3476 ὅ)
2007 3414 2144 3461 Inter
2162 3419 2450 3467 vetustiores
2466 3458 2480 3481 ‚

464 3515 519 3561 in
535 3513 630 3580 hoe
648 3512 936 3574 argumento
965 3506 1202 3570 pleraque
1216 3501 1573 3551 confundentes
1587 3538 1602 3563 ‚
1620 3507 1671 3548 et
1688 3507 1868 3550 nostrae
1888 3503 2043 3549 oetatis
2058 3504 2344 3554 criticorum
2365 3508 2480 3555 sub-

463 3604 689 3652 tilitaoem
724 3596 935 3647 mediam
968 3594 1108 3657 quasi
1140 3593 1268 3640 viam
1298 3590 1520 3652 tenenti,
1559 3605 1671 3653 quae
1703 3589 1789 3637 hic
1812 3588 2036 3639 universe
2059 3593 2308 3654 posuimus
2327 3633 2341 3657 ,
2369 3598 2484 3645 satis

471 3699 602 3742 recte
635 3691 766 3738 dicta
802 3686 958 3736 videri
988 3683 1194 3749 possint.
1232 3680 1324 3729 Sed
1355 3684 1458 3728 tota
1493 3678 1555 3726 de
1590 3678 1842 3740 equitibus
1870 3681 2084 3727 romanis
2106 3684 2310 3742 quoestio
2332 3688 2485 3735 multa

471 3780 717 3843 hodieque
759 3774 1057 3825 obscuritate
1100 3769 1388 3819 involvitur.
1432 3768 1570 3815 Inter
1612 3767 1971 3815 recentissimos
1991 3804 2005 3830 ‚
2055 3772 2192 3830 queis
2241 3783 2363 3822 nova
2401 3776 2483 3823 bic

475 3871 736 3933 placuere,
771 3864 1011 3914 Niebuhr.
1049 3861 1124 3908 Cf.
1162 3860 1333 3907 Creuz.
1363 3854 1407 3925 ξ.
1440 3855 1522 3904 87.
1554 3871 1663 3919 sqq.
1690 3883 1751 3892 --
1775 3856 1840 3920 4)
1886 3856 1960 3903 Cs.
2003 3857 2170 3907 Beaus.
2204 3877 2252 3910 v.
2293 3863 2339 3910 1.
2374 3880 2488 3928 pag.

476 3958 572 4009 148
596 3962 647 4005 et
669 3954 780 4004 153.

494 4059 501 4065 ’
577 4050 720 4114 137.
775 4046 911 4131 Ipsa
957 4065 1134 4129 porro
1177 4037 1490 4126 privilegia
1523 4035 1783 4101 fortunis
1824 4037 1945 4100 suis
1976 4048 2035 4101 ct
2061 4037 2342 4125 dignitati
2366 4042 2488 4110 de-

1166 4143 1171 4148 ’
2072 4151 2149 4212 10
