3111 4829
1553 366 1800 449 (132)

754 506 959 569 Primo
1028 484 1219 566 censii
1285 509 1563 585 peracto,
1622 498 1865 561 Servius
1930 498 2227 582 populum
2277 496 2390 585 (in
2449 496 2678 582 Campo

666 615 969 705 Martio?)
994 628 1159 698 sne,
1191 634 1301 677 ove
1338 622 1398 676 et
1424 623 1636 693 tauro,
1690 610 1858 674 unde
1892 610 2318 674 suovetaurilia
2361 605 2440 696 4)
2480 608 2641 674 dicta
2663 658 2681 692 ,
2727 662 2734 667 ,

667 732 942 796 lustravit
984 729 1077 818 (§.
1124 723 1316 813 332.)
1350 721 1462 811 5),
1507 724 1631 810 qui.
1659 745 1789 787 mos
1825 721 2048 787 deinde
2090 731 2392 804 servatus,
2424 722 2683 809 ,ipseque

663 867 884 909 census
904 892 923 927 ,
973 853 1033 905 et
1073 838 1536 927 quinquennale
1563 885 1580 918 ,
1623 858 1745 922 quo
1777 834 1853 900 de
1878 856 2048 900 more
2073 835 2512 918 renovabatur,
2546 858 2686 920 spa-

662 961 822 1023 tium
848 1006 866 1039 ,
909 977 981 1020 ac
1013 950 1383 1041 quandoque
1425 951 1607 1014 etiam
1649 970 2036 1036 quaecunque
2075 969 2381 1013 annorum
2414 948 2689 1032 periodos

661 1075 927 1137 lustrum
971 1066 1269 1152 adpellata
1309 1074 1400 1128 est
1444 1061 1538 1150 6).
1578 1063 1778 1127 Lustri
1807 1061 2113 1126 condendi
2141 1060 2396 1152 (census
2423 1060 2690 1147 agendi,

662 1179 1040 1267 renovandi)
1086 1201 1317 1243 munus
1367 1201 1406 1242 a
1453 1178 1630 1263 Rege
1673 1174 1749 1239 ad
1794 1174 2120 1256 Consules,
2151 1185 2280 1260 post
2308 1173 2384 1239 ad
2417 1176 2691 1261 proprios

662 1297 1051 1382 magistratus
1075 1340 1092 1373 ‚
1132 1292 1459 1370 CensoreS,
1498 1289 1741 1352 transiit
1780 1287 1879 1376 (§.
1928 1287 2116 1376 197.)
2149 1289 2527 1354 Caerimonioe
2553 1313 2690 1375 pars

668 1420 805 1474 vota
851 1430 887 1472 a
921 1403 1330 1485 Censoribus,
1381 1403 1647 1465 lustrum
1690 1400 2097 1466 condentibus
2120 1451 2138 1485 ,
2184 1415 2579 1488 nuncupata:
2626 1415 2696 1467 ut

673 1522 777 1586 Dii
812 1518 1184 1583 immortales
1231 1514 1443 1601 populi
1488 1515 1759 1580 Romani
1801 1536 1896 1577 res
1930 1516 2211 1579 meliores
2255 1517 2697 1603 amplioresque

675 1635 982 1713 facerent3
1031 1628 1257 1716 quibus
1298 1627 1483 1690 aliam
1511 1627 1841 1690 formulam
1877 1627 2080 1711 Scipio
2110 1626 2436 1691 Africanus
2459 1628 2696 1712 minor,

679 1746 898 1812 exinde
948 1753 1283 1823 servatam,
1329 1739 1705 1804 substituisse
1744 1742 1939 1804 fertur
1964 1788 1982 1823 ,
2013 1743 2171 1806 Deos
2210 1764 2467 1828 rogans,
2498 1754 2569 1807 ut
2605 1764 2700 1805 res

674 1863 1020 1939 Romanas,
1052 1876 1190 1942 quae
1214 1855 1345 1938 jam
1380 1854 1519 1917 satis
1549 1853 1668 1938 ipsi
1696 1874 1937 1938 magnae
1963 1852 2356 1938 videbantur,
2401 1866 2692 1943 perpetuo

675 1973 1019 2038 incolumes
1047 1978 1354 2032 servarent
1377 1964 1466 2053 7).

745 2155 796 2223 1)
814 2158 876 2206 V.
899 2155 1099 2220 Dionys.
1124 2153 1185 2218 ⁴,
1213 2152 1294 2201 15.
1313 2179 1372 2188 —
1394 2149 1456 2217 2)
1475 2152 1551 2201 Cf.
1572 2152 1770 2216 Dionys.
1793 2152 1855 2216 4,
1882 2152 1963 2202 16.
1986 2167 2099 2216 sqq.
2116 2189 2131 2217 ,
2154 2153 2261 2202 Liv.
2283 2153 2344 2218 8,
2368 2152 2399 2202 8
2421 2151 2496 2221 (§.
2513 2153 2628 2203 571.
2645 2152 2664 2217 )
2681 2189 2699 2217 ‚

676 2246 823 2296 Nieb.
851 2262 900 2295 v.
925 2245 973 2293 1.
998 2260 1050 2308 p.
1075 2241 1191 2291 278.
1212 2270 1273 2279 -
1292 2240 1354 2307 ὅ)
1389 2241 1452 2290 V.
1483 2242 1684 2307 Dionys.
1719 2241 1751 2290 4
1768 2278 1784 2305 ,
1825 2242 1907 2292 16.
1927 2270 1985 2279 -
2008 2243 2070 2308 4)
2094 2243 2351 2292 Nonnullis
2373 2243 2559 2309 placuit
2577 2244 2699 2293 eolo·—

597 2315 608 2327 ο
678 2336 913 2386 taurilia.
936 2335 1013 2384 Cf.
1036 2333 1180 2382 Hein-
1200 2335 1341 2397 App.
1364 2331 1448 2381 54.
1467 2361 1529 2369 —
1546 2332 1610 2397 5)
1635 2333 1698 2380 V.
1725 2333 1926 2400 Dionys.
1950 2333 2010 2397 ⁴,
2032 2334 2114 2383 22.
2141 2363 2202 2371 ——
2224 2334 2283 2401 6)
2310 2334 2373 2383 V.
2398 2334 2537 2384 Ovid.
2555 2335 2617 2383 de
2633 2334 2700 2382 Ρ.

678 2424 712 2474 4
732 2462 749 2488 ,
771 2426 833 2489 6,
857 2425 889 2473 5
909 2461 924 2488 ‚
962 2424 1107 2474 Fau.
1144 2423 1205 2488 5,
1249 2422 1373 2484 163,
1407 2422 1550 2470 nim.
1575 2422 1607 2471 ⁴
1626 2459 1641 2487 ‚
1671 2422 1728 2485 1,
1755 2423 1816 2486 7,
1840 2424 1960 2472 nor.
1983 2424 2041 2473 c,
2065 2425 2194 2475 Soec.
2219 2402 2380 2475 o⁷.·-
2399 2426 2464 2492 7)
2494 2426 2570 2475 cr.
2588 2426 2699 2478 vn.

681 2513 806 2561 ltu.
828 2512 888 2576 ⁴,
914 2512 939 2561 1
962 2549 979 2578 ,
1004 2510 1067 2559 10
1085 2547 1101 2575 ,
1125 2511 1339 2558 Brisson.
1364 2511 1425 2558 de
1439 2510 1683 2571 formulis
1704 2512 1794 2559 lib.
1821 2512 1869 2561 1.
1890 2528 1943 2576 p.
1967 2512 2050 2562 97.

1004 2718 1313 2763 cmm-Ans
1359 2719 1666 2762 mmmmm
1712 2718 2009 2763 mustus
2031 2746 2049 2782 9
2094 2720 2373 2763 commu.

779 2888 929 2954 146.
976 2889 1055 2953 ln
1100 2888 1462 2974 republica,
1509 2899 1645 2974 post
1688 2888 1916 2952 civium
1974 2889 2042 2952 in
2096 2888 2339 2953 ordines
2389 2898 2449 2953 et
2491 2890 2707 2953 classes

683 3000 1085 3084 divisionem,
1127 3003 1242 3066 tria
1281 3000 1593 3067 tractanda
1636 3013 1996 3088 supersunt,
2037 3002 2390 3089 reipublicae
2420 2987 2706 3089 regendae

686 3127 983 3201 potestas»,
1021 3116 1444 3201 magistratus,
1491 3116 1782 3198 coloniae,
1824 3127 1885 3180 et
1925 3117 2379 3202 provinciarum
2407 3117 2709 3182 adminis-

687 3239 885 3293 trano.

774 3341 1040 3406 Potestas
1067 3341 1324 3406 civitatis
1352 3340 1637 3428 regendae
1670 3341 1748 3406 ad
1779 3341 1971 3407 finem
1999 3366 2194 3432 usque
2218 3345 2522 3409 ,libertatis
2546 3345 2710 3408 inter

684 3465 964 3520 senatum
1007 3466 1067 3518 et
1113 3453 1414 3539 populum
1453 3454 1638 3519 mixta
1664 3503 1681 3536 ,
1718 3467 2009 3522 caeternm
2050 3461 2229 3523 variis
2264 3459 2707 3524 mutationibus

687 3568 945 3633 obnoxia
987 3567 1280 3631 cernitur.
1329 3566 1660 3631 Summum
1695 3568 2025 3655 imperium
2067 3594 2103 3635 a
2134 3571 2409 3656 Regibus
2429 3570 2507 3634 ad
2532 3571 2713 3637 Con-

689 3684 889 3767 sules,
939 3683 1176 3748 senatui
1229 3680 1662 3767 praesidentes,
1713 3685 2094 3748 translatum.
2148 3687 2407 3749 Senatus
2451 3685 2628 3753 initio
2673 3711 2711 3753 e

687 3798 987 3882 patriciiS,
1032 3808 1163 3885 post
1202 3797 1546 3883 promiscue
1581 3799 1969 3880 compositus.
2019 3799 2269 3882 Populi,
2313 3811 2479 3865 certe
2516 3803 2711 3887 plebis

692 3923 949 3998 potestas
972 3912 1065 3999 (§.
1102 3908 1295 3998 133.)
1319 3960 1336 3995 ,
1358 3922 1500 3976 ante
1523 3911 1805 3974 Servium
1830 3910 2102 3973 Tullium
2125 3912 2383 3980 minima
2403 3964 2422 3999 ‚
2453 3918 2715 3982 comitiis

691 4024 1043 4090 centuriatis
1093 4026 1217 4090 sive
1260 4026 1588 4089 constituta
1647 4025 1952 4110 primum,
2001 4024 2123 4089 sive
2174 4039 2393 4114 aucta,
2457 4029 2715 4098 durante
