3111 4829
1362 415 1389 499 (
1426 417 1465 478 3
1506 418 1532 499 )

435 559 750 613 numenta.
790 547 867 615 In
901 547 1000 612 his
1037 548 1117 613 ab
1162 547 1517 636 antiquariis
1567 549 1997 615 illiteratorum
2036 553 2289 618 nomine
2345 553 2447 620 di-

429 663 833 749 stinguuntur
859 662 1087 727 artium
1109 683 1623 751 quarumcunque
1652 665 1963 751 reliquiae,
1980 664 2239 731 aedificia
2256 713 2276 750 ,
2303 688 2460 753 «πω,

429 774 665 862 lapides
684 824 702 860 ,
721 775 924 862 signa,
952 777 1240 862 picturae,
1258 799 1425 861 vasa,
1456 799 1719 864 gemmae
1735 825 1752 860 ,
1777 778 1956 842 numi
1978 826 1995 861 ,
2013 779 2132 843 alia
2153 792 2453 865 sexcenta,

432 891 502 955 in
537 888 732 978 iisque
757 891 957 957 omnis
972 902 1248 957 veterum
1278 891 1567 980 supellex.
1595 890 1695 956 Ad
1714 890 1952 957 literata
1978 902 2182 957 autem
2211 915 2451 961 monu-

431 1015 669 1088 menta,
710 1017 929 1091 praeter
970 1028 1185 1072 omnes
1204 1055 1222 1092 ,
1265 1008 1374 1096 qui
1418 1017 1748 1094 superant,
1796 1006 2023 1091 priscos
2045 1054 2065 1089 ,
2112 1008 2450 1092 praesertim

429 1118 745 1185 Romanos
772 1119 1176 1207 Graecosque,
1206 1121 1642 1186 ecclesiasticos
1665 1121 1851 1185 etiam
1883 1120 2202 1205 scriptores
2221 1168 2240 1204 ,
2266 1142 2454 1207 quae-

431 1251 712 1317 cunque,
739 1232 907 1296 velut
944 1231 1365 1319 inscriptiones
1385 1282 1402 1316 ,
1428 1234 1601 1317 fasti,
1632 1233 1978 1299 calendaria
2000 1280 2019 1315 ,
2055 1231 2253 1296 literis
2287 1230 2452 1297 conss-

433 1355 613 1429 stant,
626 1347 1003 1415 referuntur.
1021 1346 1258 1434 Scripta
1275 1359 1484 1414 autem
1509 1358 1810 1432 veterum,
1824 1349 2001 1435 queis
2020 1348 2458 1443 antiquitatum

432 1459 858 1528 Romanarum
910 1463 1007 1528 vel
1049 1474 1249 1549 partes
1295 1473 1636 1529 tractantur
1659 1512 1678 1547 ,
1727 1475 1799 1528 ut
1843 1463 2094 1550 Ovidii,
2133 1462 2449 1544 Frontini,

425 1571 675 1659 Vegetii
695 1621 715 1656 ,
737 1573 894 1661 Lydi
909 1622 927 1658 ,
954 1574 1050 1638 vel
1071 1574 1431 1638 notitiarum
1452 1575 1695 1662 farrago
1721 1624 1739 1660 ,
1767 1586 1838 1641 ut
1867 1576 2057 1642 Gellii
2075 1624 2093 1661 ,
2118 1572 2448 1657 Macrobii,

430 1685 592 1749 Festi
614 1733 634 1769 ,
666 1688 1057 1772 continetur,
1101 1686 1435 1753 admodum
1470 1711 1667 1775 pauca
1707 1700 2057 1776 supersunt.
2092 1689 2147 1755 E
2173 1687 2454 1771 (κεῖθι-ὴ,

421 1798 674 1885 tametsi
710 1799 807 1864 vix
860 1801 1026 1866 ullus
1073 1801 1255 1887 plane
1300 1801 1715 1889 negligendus
1745 1851 1763 1887 ,
1814 1825 1925 1889 par
1967 1813 2056 1868 est
2074 1852 2095 1889 ,
2147 1800 2456 1887 imprimis

433 1911 616 1977 utiles
667 1935 795 1979 esse
835 1912 1183 1999 historicos,
1231 1939 1380 1982 cum
1409 1917 1723 1983 universos
1741 1964 1767 2002 ,
1807 1928 1951 1983 tum
2003 1914 2269 1983 maxime
2311 1935 2413 1979 eos
2434 1962 2453 1997 ,

432 2024 547 2112 qui
577 2048 785 2092 rerum
824 2041 1137 2116 gestarum
1168 2042 1234 2095 et
1251 2030 1677 2096 institutorum
1705 2053 2075 2118 morumque
2100 2029 2454 2096 enarratio-

433 2159 580 2203 nem
605 2140 1001 2227 conjunxere.

523 2256 589 2317 5.
635 2257 690 2318 A
712 2258 1158 2322 recentioribus
1179 2280 1322 2322 vero
1344 2257 1700 2333 auctoribus
1719 2304 1737 2339 ,
1761 2255 1880 2344 (de
1903 2255 2133 2341 quibus
2152 2276 2302 2320 cum
2317 2254 2456 2319 aliis

430 2367 811 2433 consulenda
832 2370 889 2434 J.
912 2369 989 2437 A.
1014 2370 1278 2436 Fabricii
1296 2368 1811 2460 Biblioqraplnia
1830 2370 2247 2457 antiquaria,
2266 2368 2456 2433 Ham·
2479 2412 2483 2417 Δ

426 2481 656 2567 burgi,
686 2482 860 2547 1760
888 2481 952 2571 ,)
983 2484 1064 2550 ad
1093 2484 1369 2551 studium
1397 2484 1838 2572 antiqui-tatum
1868 2493 2075 2570 parata
2100 2482 2459 2568 adjumenta

427 2595 690 2682 triplicis
715 2597 959 2683 generis
984 2599 1429 2666 inveniuntur:
1466 2600 1586 2665 alia
1615 2598 1785 2664 enim
1814 2596 1986 2662 nuda
2015 2619 2225 2664 rerum
2257 2577 2455 2684 expo—

427 2709 648 2776 sitione
669 2723 990 2798 constant3
1013 2713 1133 2779 alia
1155 2736 1279 2780 aere
1302 2713 1497 2779 inciso
1526 2733 1834 2799 expressas
1852 2712 2049 2777 oculis
2078 2711 2459 2797 subjiciunt,

427 2820 550 2887 alia
591 2833 928 2911 utrumque
962 2825 1383 2912 conjungunt.
1427 2823 1657 2889 Prioris
1703 2822 1972 2889 maxime
2020 2823 2263 2910 generis
2311 2808 2459 2887 shnt

322 2925 327 2934 Ἀ
428 2954 682 3019 corpora
703 2983 721 3018 ,
756 2937 1124 3023 compendia
1146 2987 1164 3022 ,
1208 2936 1551 3003 enchiridia
1573 2986 1591 3022 ,
1628 2948 1701 3002 ut
1736 2946 1990 3020 vocant,
2017 2957 2157 3023 quae
2179 2935 2460 3022 antiqui-

430 3057 630 3112 tatum
683 3047 990 3136 integram
1043 3049 1403 3138 diciplinam
1446 3052 1571 3117 alia
1608 3051 1839 3135 fusius,
1884 3051 2006 3118 alia
2056 3049 2416 3113 brevissime
2436 3097 2459 3133 ,

431 3157 782 3226 scholarum
832 3162 1139 3249 imprimis
1193 3174 1255 3229 et
1304 3162 1773 3251 praelectionum
1830 3158 2327 3226 academicarum
2387 3161 2459 3225 in

431 3293 649 3358 usum,
687 3277 1009 3362 explicant.
1051 3276 1339 3359 Quorum
1377 3297 1640 3364 operum
1682 3295 1856 3341 nunc
1890 3296 1965 3340 ea
2002 3284 2092 3338 est
2126 3272 2302 3359 copia
2327 3320 2348 3357 ,
2387 3284 2465 3338 ut

426 3386 688 3473 longum
736 3391 813 3456 sit
861 3393 961 3458 vel
992 3392 1228 3457 notiora
1266 3387 1543 3458 evolvere
1568 3440 1588 3476 ,
1626 3412 1702 3457 ac
1731 3389 1944 3456 multis
1980 3389 2253 3478 profecto
2288 3386 2464 3454 haud

429 3521 594 3587 oegre
623 3524 940 3571 careamus
962 3529 985 3592 3
1013 3516 1305 3572 caeterum
1333 3507 1496 3574 inter
1516 3505 1757 3591 majora
1780 3504 2174 3570 notissimum

518 3610 757 3680 Roeim‘
783 3620 1263 3706 antiquitawm
1286 3616 1746 3684 Romanarum
1767 3638 2005 3702 empus
2025 3612 2459 3679 absolutioni—

430 3747 650 3805 mum,
679 3734 1027 3796 eum'notie
1054 3732 1468 3822 Dempeteri,
1490 3768 1585 3783 --
1605 3728 1925 3813 Ultrajecti
1967 3727 2138 3790 1710
2158 3775 2176 3811 ,
2207 3725 2460 3791 Amste-

426 3838 659 3907 lodami
684 3844 890 3928 1743,
924 3847 1012 3910 4⁰.
1036 3895 1056 3930 ,
1083 3869 1239 3934 opus
1263 3846 1545 3937 amplum
1572 3853 1635 3911 et
1654 3839 2013 3924 docentium
2031 3839 2224 3931 magis
2252 3859 2448 3929 quam

429 3954 707 4021 tironum
730 3958 873 4023 usui
899 3959 1217 4032 idoneum.
1526 3954 1532 3959 ¹

528 4069 582 4133 E
608 4071 951 4141 minoribus
