3111 4829
1329 420 1539 525 (21)

361 616 373 627 ,
444 557 638 623 vincia
684 558 1026 622 insularum
1070 557 1427 641 conjunctas
1472 555 1635 620 infra
1671 554 1780 642 (§.
1821 556 1930 621 30.
1961 552 2023 643 ),
2069 551 2176 620 hic
2201 564 2446 621 coeteras

352 740 355 743 ,
449 691 875 737 memoramus.
936 671 1010 734 ln
1055 669 1151 734 his
1205 668 1462 754 majores
1522 668 1756 734 Euboea
1819 664 2323 762 (quroponte)
2384 679 2448 734 et

454 783 630 850 Creta
650 782 996 879 (Caudio).
1020 784 1273 848 Euboeae
1298 782 1706 870 promontoria
1742 781 2129 867 Caphareum
2159 794 2221 847 et
2249 785 2437 849 Arte-

441 900 691 965 misium
716 949 734 984 ,
763 896 980 985 oppida
1010 899 1316 984 Carystus,
1338 895 1606 977 Eretria,
1655 892 1899 958 Chalcis
1926 918 1945 977 ;
1969 893 2166 960 Cretas
2194 908 2433 963 montes

436 1014 540 1078 Ida
556 1062 574 1097 ,
596 1014 773 1079 Dicte
796 1010 989 1091 (unde
1003 1011 1173 1094 Idaei,
1198 1008 1456 1092 Dictaei),
1476 1008 1887 1095 promontoria
1907 1008 2293 1093 Samonium,
2320 1012 2443 1077 Co-

437 1127 673 1214 rycium
702 1174 721 1210 ,
783 1125 1040 1190 Psacum
1073 1147 1091 1208 3
1160 1122 1343 1188 urbes
1393 1122 1654 1187 Cnossus
1682 1168 1701 1205 ,
1750 1119 2019 1209 Cydonia
2050 1171 2068 1206 ,
2129 1122 2399 1212 Gortyna
2422 1174 2442 1211 ,

435 1239 653 1306 Minoa.
722 1238 888 1304 Inter
938 1239 1205 1303 minores
1255 1236 1442 1303 maris
1496 1235 1678 1322 AEgei
1756 1236 1985 1301 insulas
2042 1236 2330 1325 Cyclades
2380 1250 2445 1304 et

433 1351 770 1438 Sporades3
829 1351 898 1416 in
941 1352 1062 1416 illis
1097 1352 1278 1416 Delos
1300 1398 1319 1433 ,
1374 1350 1553 1414 Paros
1575 1398 1592 1433 ,
1661 1347 1851 1413 Naxos
1895 1346 2102 1438 (Dia),
2156 1348 2396 1415 Andros
2419 1398 2439 1436 ,

426 1465 650 1547 Melos,
700 1463 1021 1550 Seriphos,
1070 1462 1303 1552 Gyaros
1329 1511 1347 1545 ,
1418 1461 1589 1527 Ceos.
1635 1463 1686 1526 Ε
1730 1460 2102 1548 Sporadibus
2142 1461 2170 1552 (
2188 1462 2248 1548 §.
2293 1463 2434 1554 30.)

429 1577 509 1642 ad
555 1580 865 1664 Europam
906 1578 1168 1643 refertur
1210 1578 1525 1663 Amorgos.
1571 1576 1647 1639 ln
1692 1576 1949 1662 singulis
1977 1586 2186 1641 autem
2216 1576 2436 1643 insulis

428 1687 818 1755 Samothrace
836 1738 853 1772 ,
877 1687 1133 1774 Thasos,
1150 1688 1411 1754 Lemnos
1426 1737 1444 1772 ,
1470 1687 1693 1779 (cujus
1719 1687 1940 1773 oppida
1968 1688 2205 1776 Myrina
2229 1701 2291 1754 et
2311 1691 2434 1755 He·

426 1801 672 1887 phaestia
700 1853 717 1888 ,
737 1799 762 1883 )
781 1805 1187 1889 Halonnesos,
1211 1804 1427 1892 Scyros
1449 1851 1467 1886 ,
1500 1813 1563 1867 et
1597 1802 1667 1866 in
1698 1802 1839 1867 sinu
1868 1804 2151 1868 Saronico
2176 1803 2435 1869 Salamis
2491 1856 2496 1861 .

426 1928 487 1983 et
512 1919 757 2005 AEgina.
787 1920 968 1985 Maris
1009 1919 1169 1983 Ionii
1207 1915 1593 2004 Cephallenia
1617 1965 1635 1999 ,
1675 1915 1975 1983 Leucadia
2004 1923 2100 2000 (S.
2127 1916 2431 2003 Maura),

423 2028 777 2096 Acarnaniae
837 2028 1155 2122 (§..21.)
1224 2031 1373 2095 olim
1428 2030 1794 2115 peninsula,
1838 2030 2096 2117 Corcyra
2122 2029 2384 2121 (Cos-fia)
2408 2082 2430 2115 ,

422 2142 605 2230 Epiro
633 2145 905 2230 proxima
928 2168 946 2227 3
971 2212 974 2217 ,
1001 2146 1068 2208 in
1115 2142 1463 2207 minoribus
1501 2141 1761 2229 Cythera
1785 2189 1803 2224 ,
1831 2141 2108 2206 Laconia)
2128 2189 2147 2224 ,
2175 2142 2428 2231 Zacyn-

420 2256 564 2322 thus
591 2255 854 2347 (Zante)
877 2255 1038 2321 Elidi
1074 2246 1313 2336 vicina,
1352 2252 1564 2318 Ithaca
1607 2250 1994 2341 (Dulichium
2017 2250 2076 2337 7)
2103 2254 2265 2319 inter
2294 2254 2427 2320 Ce—

412 2370 788 2458 phalleniam
855 2380 917 2435 et
976 2368 1385 2452 Leucadiam3
1443 2366 1723 2432 minimas
1780 2376 1925 2431 sunt
1991 2356 2297 2434 OEnussoe
2362 2382 2427 2436 et

411 2484 696 2571 Sphagiae
769 2482 1040 2570 proxime
1090 2480 1449 2548 Messeniam
1468 2528 1487 2565 ,
1550 2477 1917 2565 Strophades
1972 2467 2137 2547 infra
2194 2483 2426 2573 Zacyn-

406 2597 591 2664 thum
616 2646 634 2683 ,
683 2595 1026 2663 Echinades
1071 2593 1153 2661 ad
1197 2592 1452 2659 Acheloi
1486 2591 1706 2660 Ostia.'
1826 2621 1832 2627 ·

498 2714 608 2778 24.
647 2708 998 2776 Macedonia
1022 2757 1041 2792 ,
1088 2729 1273 2796 supra
1311 2707 1680 2775 Thessaliam
1723 2707 1805 2775 ad
1842 2721 2082 2776 montes
2123 2710 2419 2780 Scardum

403 2836 466 2889 et
502 2827 788 2890 Haemum
809 2872 828 2908 ,
876 2823 944 2887 in
968 2821 1371 2888 Occidentem
1391 2869 1410 2907 ,
1456 2821 1819 2910 antiquioris
1853 2821 2129 2891 Thracia
2171 2837 2410 2912 partem

407 2936 780 3026 (Macedonia
824 2933 1087 3024 adjecta)
1127 2935 1539 3023 complectens
1560 2985 1581 3020 ,
1617 2958 1657 3001 a
1699 2935 1956 3002 Thracia
1993 2935 2072 3002 ad
2106 2938 2377 3027 Illyriam
2397 2989 2418 3025 ,

404 3060 497 3134 et,
536 3050 769 3131 adjecta
803 3049 1051 3137 Illyride
1094 3049 1311 3115 Graeca
1354 3027 1439 3138 (5.
1490 3046 1675 3134 17).“”,
1698 3049 1776 3115 ad
1819 3072 1989 3116 mare
2022 3052 2273 3116 Ionium
2301 3074 2418 3138 pa·-

405 3173 538 3229 tens
563 3210 582 3246 ,
630 3166 899 3250 AEgeum
949 3163 1206 3228 sinubus
1250 3163 1549 3251 Singitico
1569 3212 1588 3248 ,
1639 3163 1972 3230 Toronaico
1995 3211 2014 3249 ,
2057 3163 2417 3231 Thermaico

402 3276 661 3363 attingit.
707 3279 760 3344 E
812 3276 1175 3342 fluminibus
1225 3275 1361 3362 ejus
1414 3278 1674 3363 Nestus,
1724 3280 2011 3367 Strymon
2052 3285 2113 3345 et
2155 3279 2419 3345 Haliac-

404 3411 549 3454 mon
575 3390 641 3455 in
665 3392 936 3478 AEgeum
954 3438 972 3473 ,
1000 3389 1202 3475 Apsus
1231 3400 1293 3453 et
1325 3390 1492 3455 Aous
1529 3392 1598 3455 in
1636 3390 1888 3457 Adriam
1918 3391 2225 3478 influunt3
2248 3394 2413 3485 inter

395 3513 632 3569 montes
653 3552 672 3587 ,
718 3513 939 3590 praeter
980 3500 1281 3567 Scardum
1327 3513 1390 3567 et
1441 3504 1725 3569 naemum
1748 3552 1767 3589 ,
1797 3503 1988 3570 Athos
2009 3554 2028 3590 ,
2069 3506 2370 3592 Pangaeus
2391 3553 2414 3591 ,

393 3625 456 3680 et
485 3639 521 3682 a
553 3618 808 3684 Meridie
829 3616 1195 3702 Cambunii,
1222 3616 1290 3682 in
1316 3618 1591 3703 partibus
1609 3620 1839 3704 Pieria,
1869 3620 2213 3705 AEmathia,
2242 3622 2412 3711 Myg-

394 3725 610 3817 donia,
662 3734 904 3799 Paeonia
932 3782 949 3812 ,
1002 3732 1229 3821 quibus
1273 3734 1672 3819 cognomines
1722 3735 1972 3820 populi3
2027 3735 2096 3798 in
2151 3736 2409 3807 urbibus

383 3841 590 3932 Pydna
611 3896 630 3931 ,
658 3847 858 3931 Pella,
881 3846 1302 3913 Thessalonice
1340 3845 1690 3937 (Therme),
1722 3846 1985 3914 Potidaea
2004 3896 2023 3933 ,
2060 3848 2366 3939 Olynthus
2385 3903 2406 3937 ,

386 3958 621 4028 Chalcis
643 4011 662 4047 ,
704 3962 978 4049 Stagira,
1005 3963 1419 4051 Amphipolis,
1447 3962 1725 4048 Plilippi,
1761 3962 1828 4027 in
1875 3985 1977 4030 ora
2021 3964 2402 4034 occidentali

386 4072 795 4163 Dyrrachium
822 4078 995 4165 (olim
1036 4079 1448 4169 Epidamnus5
1489 4074 1835 4158 Durazzo)
1873 4091 1934 4148 et
1978 4082 2317 4171 Apollonia.
