3111 4829
1460 446 1463 449 ·
1557 429 1770 513 (96)

652 561 701 623 si
745 558 1005 643 desunt,
1053 557 1133 625 ad
1175 572 1470 648 agnatos,
1517 562 1569 625 si
1613 572 1676 627 et
1719 564 1929 649 agnati
1978 562 2243 648 desunt,
2299 563 2378 630 ad
2424 562 2680 650 gentiles

648 673 674 762 (
702 677 762 760 §.
796 671 953 761 81.)
1001 675 1263 759 pertinet
1291 673 1381 764 5).
1432 675 1699 740 Priscam
1739 676 1902 761 juris
1943 677 2341 766 iniquitatem
2371 675 2681 743 emenda-

642 800 864 853 verunt
890 788 1085 856 edicta
1116 790 1453 876 Praetorum
1482 838 1500 873 ,
1529 790 1763 875 quibus
1807 791 1996 856 liberi
2042 794 2137 857 sui
2160 791 2325 877 juris
2353 790 2435 858 ad
2484 791 2680 856 here-

645 902 895 1021 ditatem
912 902 1064 987 ,sive
1083 904 1195 968 soli
1210 904 1332 968 sive
1345 925 1493 969 cum
1523 903 1660 968 aliis
1688 917 2150 989 concurrentes,
2182 906 2569 972 vocabantur
2583 900 2675 991 6).

708 1067 757 1130 1)
780 1068 864 1117 De
888 1067 1033 1116 Orat.
1059 1066 1083 1115 1
1109 1103 1126 1131 ‚
1150 1065 1235 1115 38.
1253 1065 1386 1127 -2)
1410 1065 1473 1114 V.
1492 1065 1638 1114 Hein.
1664 1065 1697 1114 2
1715 1102 1731 1128 ,
1758 1037 1946 1116 10211.
1971 1066 2037 1116 12
2055 1103 2072 1132 ,
2106 1066 2164 1116 21
2190 1071 2241 1115 et
2260 1066 2344 1115 22.
2367 1091 2433 1107 —-
2454 1064 2507 1131 3)
2530 1063 2677 1114 Hein.

638 1155 712 1204 ib.
733 1152 777 1223 §-
799 1155 882 1205 2ὅ.
905 1155 980 1204 Cf.
1002 1154 1112 1203 Vel.
1147 1155 1272 1205 Max.
1292 1155 1324 1205 5
1341 1191 1358 1220 ,
1404 1154 1437 1203 8
1454 1191 1471 1216 ‚
1510 1153 1543 1202 ὅ
1584 1159 1637 1204 et
1670 1153 1722 1220 4,
1747 1155 2113 1206 Hiihlenbrueh
2134 1157 2316 1207 Doetr.
2341 1156 2547 1205 Panda.
2565 1170 2678 1219 pars

636 1262 773 1309 spec.
794 1246 832 1293 l.
860 1245 909 1295 1.
948 1241 976 1314 §
1006 1244 1101 1294 297
1124 1261 1299 1294 —nee
1343 1246 1580 1295 abdicare
1605 1253 1758 1309 pater
1793 1247 1971 1296 liberos
2003 1253 2167 1310 potest
2181 1280 2200 1310 ,
2243 1262 2334 1295 nec
2353 1248 2677 1309 emancipare

637 1338 842 1384 invitos.
866 1334 925 1383 L.
950 1335 1000 1385 6.
1020 1335 1077 1384 C.
1095 1337 1157 1386 de
1172 1344 1315 1401 patr.
1333 1343 1442 1401 pot.
1460 1370 1479 1400 ,
1500 1335 1780 1401 abdicatio,
1797 1350 1912 1400 quw
1933 1336 2107 1385 Groeco
2123 1352 2259 1385 more
2280 1336 2350 1384 ad
2378 1334 2678 1384 alienandos

634 1436 815 1489 libem
846 1442 1201 1506 usurpabatur
1215 1477 1235 1507 ‚
1279 1450 1329 1491 et
1359 1424 1678 1509 άτοκῆρυξις
1703 1441 1965 1491 dicebatur
1985 1475 2004 1505 ,
2054 1443 2281 1489 romanie
2327 1439 2518 1504 leqibue
2566 1455 2673 1489 non

634 1531 1010 1594 comprobatur.
1036 1530 1111 1580 Cf.
1133 1531 1360 1581 Dirksen.
1385 1532 1442 1581 V
1437 1532 1647 1581 ersuche
1674 1546 1789 1597 pag.
1810 1530 1892 1581 62.
1913 1545 2093 1594 sqq.—
2104 1530 2156 1593 4,
2180 1530 2284 1595 Caj.
2303 1529 2355 1594 ὅ,
2376 1529 2426 1580 1.
2444 1557 2508 1571 --
2529 1530 2583 1593 ὅ)
2605 1529 2669 1578 V.

631 1620 735 1685 Caj.
755 1620 818 1686 ὅ,
845 1620 1054 1671 1-25.-
1087 1622 1139 1683 6)
1164 1622 1268 1688 Caj.
1294 1620 1327 1671 ὅ
1346 1658 1362 1687 ,
1382 1622 1445 1671 25
1468 1638 1581 1687 sqq.

725 1763 871 1827 107.
920 1761 1013 1827 De
1039 1762 1188 1847 jure
1218 1772 1428 1827 autem
1467 1761 1823 1828 obtinendae
1851 1768 1960 1827 aut
2002 1760 2365 1827 recusandas
2407 1759 2673 1826 heredi-

624 1874 794 1960 tatis,
846 1875 1102 1962 triplicis
1151 1862 1393 1963 generis
1424 1876 1683 1942 heredes
1714 1876 2175 1962 distinguendi,
2208 1887 2514 1964 quatenus
2545 1873 2666 1939 he·
2761 1954 2766 1957 ,

626 1988 800 2053 redes
821 2000 930 2055 aut
954 1991 1276 2055 necessarii
1313 2000 1499 2065 sunt,
1541 2000 1650 2054 aut
1690 1988 1788 2054 sui
1829 1999 1892 2053 et
1933 1988 2297 2071 necessarii,
2327 1999 2433 2052 aut
2453 1997 2666 2053 extra-

622 2104 727 2168 nei
754 2102 837 2192 1).
862 2105 1246 2171 Necessarius
1268 2116 1355 2170 est
1372 2092 1610 2189 servus,
1634 2100 1811 2170 heres
1836 2113 2199 2169 testamento
2219 2152 2237 2187 ,
2262 2102 2401 2169 data
2429 2103 2615 2167 simul
2631 2151 2651 2186 ,

620 2219 789 2305 quod
812 2241 1056 2284 neeesse
1083 2220 1237 2304 fuit,
1269 2220 1548 2285 libertate
1577 2217 1604 2310 (
1618 2220 1678 2303 §.
1711 2217 1859 2308 59.)
1888 2219 2235 2302 institutus3
2265 2240 2449 2295 suus,
2481 2219 2657 2305 quasi

619 2331 989 2398 domesticus
1015 2343 1077 2398 et
1106 2356 1360 2399 suorum
1394 2332 1575 2399 heres
1613 2329 1737 2421 2),
1770 2344 1850 2397 etr
1868 2332 2244 2398 necessarius
2283 2342 2406 2417 est,
2444 2332 2555 2420 qui
2590 2333 2659 2397 in

618 2449 813 2533 patria
856 2459 1145 2533 potestate
1190 2449 1509 2512 morientis
1531 2496 1549 2531 ,
1584 2448 1710 2512 sive
1742 2446 1924 2513 heres
1960 2448 2278 2512 institutus
2317 2447 2397 2512 ab
2424 2468 2497 2512 eo
2533 2447 2658 2512 sive

616 2582 744 2624 non
771 2584 787 2624 :
817 2569 1108 2646 utrosque
1138 2558 1310 2625 adire
1348 2558 1754 2625 hereditatem
1784 2561 1880 2624 lex
1912 2560 2115 2643 jubet.
2156 2561 2493 2625 Extraneus
2530 2572 2653 2645 est,

615 2672 726 2759 qui
758 2693 883 2737 non
917 2673 1101 2736 estin
1153 2672 1472 2736 morientis
1505 2682 1797 2756 potestate
1833 2668 1952 2758 3),
1990 2669 2256 2758 ideoque
2298 2673 2518 2756 liberi,
2566 2675 2651 2757 si,

613 2753 869 2848 heredes
896 2805 934 2849 a
965 2792 1138 2867 patre
1162 2782 1462 2865 instituti,
1500 2777 1816 2846 moriente
1842 2804 1915 2845 eo
1935 2829 1953 2864 ,
1994 2782 2090 2850 sui
2123 2781 2285 2866 juris
2316 2794 2461 2847 sunt
2481 2830 2500 2866 ,
2531 2804 2654 2847 ex—

611 2897 810 2962 tranei
831 2895 1137 2962 videntur.
1157 2897 1417 2961 Servum
1440 2917 1598 2981 saepe
1620 2894 1871 2959 obaerati
1893 2892 2186 2959 heredem
2212 2895 2651 2983 instituebant,

611 3022 684 3076 ut
712 3009 887 3095 ejuS,
922 3033 1048 3075 non
1088 3011 1362 3098 ipsorum
1405 3021 1559 3075 esset
1589 3009 1897 3074 bonorum
1926 3031 1961 3074 a
1989 3007 2394 3074 creditoribus
2416 3010 2648 3076 vendi-

606 3137 813 3192 terum
841 3125 1184 3213 ignominia
1229 3123 1340 3213 4),
1385 3147 1509 3212 qua
1544 3123 1703 3190 filios
1725 3122 2027 3189 eximebat
2047 3125 2311 3208 Praetor,
2338 3124 2645 3193 abstinere

604 3239 685 3305 ab
704 3239 1041 3304 hereditate
1063 3239 1421 3325 permittens
1446 3246 1483 3303 5
1497 3238 1544 3326 ).

693 3353 1043 3420 Heredibus
1071 3353 1371 3418 extraneis
1392 3354 1584 3419 cretio
1614 3352 1750 3418 dari
1791 3374 1829 3417 a
1871 3364 2156 3420 testatore
2183 3354 2446 3439 solebat,
2488 3357 2528 3421 i.
2577 3380 2635 3423 e.

601 3479 846 3554 tempus
866 3517 884 3549 ‚
914 3488 1039 3556 quo
1069 3480 1413 3532 cernerent
1450 3466 1899 3557 (decernerent
1927 3479 1989 3532 et
2019 3465 2477 3555 declararent),
2501 3469 2636 3533 vel-

598 3584 811 3649 lentne
859 3581 1265 3648 hereditatem
1312 3580 1485 3669 adire
1517 3605 1534 3666 ;
1584 3580 1754 3647 unde
1783 3629 1801 3664 ,
1827 3581 1961 3667 Caj.
1988 3587 2064 3667 2,
2108 3582 2235 3644 165
2258 3628 2276 3663 ,
2317 3582 2628 3649 formula:

600 3696 813 3760 Heres
839 3695 1217 3762 Titia-resto
1232 3742 1258 3773 ,
1298 3699 1674 3786 cernitoque
1702 3699 1779 3761 in
1806 3708 2065 3760 centiam
2089 3693 2356 3770 diebus,
2392 3693 2633 3782 quibus

518 3859 527 3868 „
601 3811 768 3873 scies
791 3814 1161 3899 poterisque
1178 3834 1205 3889 ‚-
1237 3809 1410 3900 quod
1442 3813 1506 3875 ei
1529 3832 1659 3875 non
1679 3813 1780 3875 ita
1812 3809 2097 3873 creveris
2107 3853 2133 3884 ‚
2159 3807 2431 3872 exheres
2451 3821 2583 3874 esto
2600 3835 2630 3889 ,-

602 3938 664 3987 et
707 3923 1014 3987 cernentis
1048 3947 1063 3988 :
1106 3923 1279 4013 quod
1321 3948 1421 3990 me
1466 3923 1756 3988 Publius
1809 3920 2034 3986 Titius
2089 3932 2467 3987 testamento
2510 3947 2630 3988 suo

600 4034 896 4101 heredem
953 4038 1253 4102 instituit
1272 4085 1297 4116 ,
1359 4061 1508 4103 eam
1566 4035 1997 4102 hereditatem
2061 4033 2223 4099 adeo
2283 4060 2621 4127 eemoque.

600 4149 854 4217 Omissis
877 4148 1075 4216 verbis
1117 4152 1354 4240 quibus
1390 4154 1562 4218 scies
1576 4197 1614 4228 „
1649 4148 1841 4215 cretio
1884 4158 1974 4215 est
2010 4159 2318 4217 certorum
2351 4150 2620 4218 dierum.
