3111 4829
1169 440 1513 488 ΡΒΒΡΔΤῙΟ.
2296 440 2384 486 XV

372 576 575 632 autem
599 564 692 629 nil
719 561 908 628 alieni
932 559 1045 625 sibi
1074 556 1488 625 vindicantem
1508 606 1527 641 ‚
1557 556 1674 622 nisi
1702 556 1985 644 iniquus,
2016 577 2140 621 non
2169 554 2386 643 adpel-

372 679 541 743 labit.
586 676 889 741 Caeterum
927 694 1106 760 parvo
1148 672 1440 758 opusculo
1461 692 1648 758 quam
1674 671 1941 757 plurima
1966 671 2392 758 comprehen-

375 790 524 855 dere
544 788 813 875 cupienti
838 837 855 870 ‚
877 799 937 852 et
960 799 1162 851 tamen
1192 787 1257 850 in
1280 786 1538 871 singulis
1564 785 1870 871 proecipua
1893 785 2032 850 satis
2053 786 2348 872 explicare
2365 834 2385 871 ,

379 903 556 968 enixe
574 899 915 967 curandum
943 899 1100 983 fuit,
1132 909 1232 981 ut,
1272 898 1561 962 omnibus
1590 897 1898 984 aptissimo
1920 899 2052 963 loco
2074 899 2350 985 expositis
2369 947 2390 984 ,

380 1038 497 1081 nec
519 1027 745 1082 temere
775 1013 1115 1102 quidquam
1143 1023 1551 1099 repeteretur,
1581 1023 1641 1076 et
1665 1034 1864 1098 sparsa
1884 1011 1962 1075 ad
1985 1011 2042 1096 ej
2053 1012 2264 1077 usdem
2301 1016 2392 1079 rei

380 1127 940 1215 interpretationem
960 1129 1083 1192 sola
1102 1124 1622 1212 paragraphorum
1654 1124 1940 1189 indicatio
1963 1125 2104 1209 conj
2114 1138 2389 1213 ungeret.

386 1243 668 1329 Cumque
686 1240 885 1305 multa
914 1250 1111 1303 essent
1140 1249 1248 1303 aut
1269 1238 1520 1303 nomine
1550 1248 1789 1302 tantum
1815 1286 1832 1321 ,
1853 1248 1960 1302 aut
1991 1259 2114 1302 uno
2134 1239 2394 1305 alterove

387 1355 566 1419 verbo
585 1402 606 1439 ,
626 1352 967 1440 explicandi
996 1352 1188 1440 gratia
1219 1351 1503 1436 adjectis,
1535 1350 1962 1435 memoranda,
1984 1374 2110 1416 non
2144 1353 2396 1439 simplex

384 1468 556 1533 labor
587 1469 708 1533 fuit
752 1466 886 1532 haec
913 1488 1061 1532 cum
1100 1464 1424 1551 praecipuis
1463 1464 1647 1529 rebus
1668 1487 1738 1530 eo
1762 1464 1944 1529 modo
1974 1465 2394 1554 conjungere,

384 1605 509 1670 quo
545 1580 879 1646 minimum
923 1578 1418 1664 interpretatione
1448 1577 1815 1665 indigerent.
1867 1579 2030 1644 Hinc
2061 1578 2138 1643 ad
2164 1602 2398 1665 paren-

387 1690 591 1759 thesin
639 1692 962 1778 saepissime
1004 1691 1375 1756 recurrimus
1398 1740 1415 1773 ‚
1437 1690 1750 1756 interdum
1793 1691 1979 1756 etiam
2026 1691 2398 1777 inserentes,

389 1828 530 1895 quoe
574 1827 690 1872 nec
723 1802 1059 1871 omittenda
1093 1804 1496 1900 videbantur,
1538 1827 1659 1871 nec
1697 1816 1805 1871 aut
1843 1805 2050 1892 paucis
2072 1806 2270 1871 verbis
2293 1818 2401 1871 aut

388 1943 538 1987 cum
585 1920 718 1985 aliis
758 1942 921 1985 nexu
967 1921 1351 2007 aliquatenus
1390 1920 1678 2006 explicari
1726 1931 2004 2007 poterant
2045 1920 2163 2011 (ἢ.
2197 1919 2401 2002 Quem

391 2033 815 2121 parentheseos
854 2056 1034 2098 usum
1064 2034 1332 2099 fatemur
1365 2034 1645 2099 universe
1672 2034 2055 2120 probandum
2084 2055 2206 2098 non
2234 2056 2360 2099 esse
2385 2082 2404 2117 ,

394 2146 499 2211 sed
547 2170 727 2212 suum
763 2170 916 2233 opus
945 2146 1365 2232 interpretanti
1404 2148 1612 2211 minus
1635 2146 2098 2211 incommodum
2144 2157 2409 2231 reputa-

394 2283 554 2328 mus.
579 2262 873 2349 ·Denique
896 2282 1052 2325 cum-
1074 2271 1214 2345 apta
1236 2281 1444 2322 rerum
1467 2258 1855 2350 dispositione
1876 2269 1935 2323 et
1963 2257 2167 2322 lucido
2195 2257 2409 2324 ordine

392 2373 776 2461 conjungere
807 2372 1156 2438 studuimus
1191 2391 1496 2436 summam
1527 2370 1703 2459 styli,
1740 2372 1897 2440 salva
1942 2371 2367 2459 perspicuitate
2392 2423 2412 2458 ,

391 2486 777 2554 brevitatem.

488 2600 830 2666 Auctor-um
859 2619 1001 2663 vero
1026 2599 1185 2663 locos
1208 2597 1373 2687 quod
1400 2599 1465 2663 in
1494 2600 1862 2687 compendio
1884 2602 2246 2669 lectionibus
2268 2585 2415 2671 con-

396 2724 626 2781 secrato
647 2761 666 2795 ‚
701 2712 1085 2798 Nieupoortii
1126 2724 1186 2778 et
1221 2713 1480 2778 aliorum
1506 2717 1782 2802 exemplo
1805 2765 1824 2800 ,
1846 2715 2250 2783 indicavimus
2271 2729 2415 2783 tan-

397 2841 539 2894 tum
586 2825 730 2920 (⁴¹²³)
753 2876 772 2910 ‚
825 2850 1007 2892 nemo
1029 2876 1046 2910 ‚
1101 2829 1352 2914 opinor,
1415 2829 1841 2916 reprehendet.
1896 2833 1970 2896 In
2021 2833 2245 2920 quibus
2294 2833 2415 2900 hoc

403 2944 643 3030 egimus
662 2991 682 3028 ,
722 2954 793 3007 ut
827 2965 1015 3031 quam
1045 2944 1308 3009 maxime
1339 2944 1587 3009 idoneos
1615 2945 1695 3010 ad
1720 2969 1817 3011 res
1845 2946 2291 3012 confirmandas
2315 2996 2333 3030 ,
2354 2960 2417 3013 et

404 3057 521 3144 ipsi
556 3067 924 3146 quaerentes,
956 3069 1017 3122 et
1056 3058 1251 3124 citatis
1288 3070 1563 3142 utentes„
1600 3082 1716 3125 nec
1739 3060 1856 3124 nisi
1882 3063 2210 3147 exploratos
2235 3061 2421 3146 lege-

408 3193 615 3236 remus
636 3220 654 3252 ‚
676 3183 767 3256 et,
793 3170 959 3259 quod
992 3172 1072 3238 ab
1092 3173 1226 3238 aliis
1254 3173 1472 3259 passim
1502 3175 1853 3261 neglectum
1877 3197 2099 3261 magna
2131 3173 2419 3258 tempori³

405 3281 647 3369 jactura
692 3285 1087 3373 eognovimus
1107 3334 1127 3371 ,
1170 3297 1241 3350 ut
1265 3297 1548 3352 accurate
1584 3299 1944 3353 notarentur
1963 3283 2170 3379 (W).
2203 3287 2420 3374 Itaque

480 3418 548 3485 (⁸)
571 3420 710 3484 Quod
720 3420 760 3470 si
771 3437 907 3471 nunc
928 3436 1130 3487 quoque
1144 3455 1161 3487 ,
1176 3425 1310 3471 certe
1327 3426 1379 3471 et
1398 3437 1513 3472 raro
1530 3423 1796 3475 admodum
1809 3459 1829 3492 ‚
1845 3429 1894 3474 et
1911 3423 2076 3475 minus
2096 3425 2285 3474 obcure
2304 3425 2422 3475 seci-

412 3522 541 3557 nus.

485 3597 579 3663 (⁸⁸)
600 3598 662 3647 In
685 3599 901 3648 secunda
918 3636 935 3662 ‚
956 3604 1007 3649 et
1027 3598 1198 3665 sepius
1219 3598 1272 3647 in
1291 3599 1437 3650 tertia
1458 3599 1674 3652 editione
1687 3637 1705 3666 ,
1725 3618 1786 3651 ex
1801 3599 1990 3666 ingenti
2007 3601 2235 3650 locorum
2252 3602 2391 3668 copia
2400 3640 2422 3672 ‚

416 3684 636 3751 primarii
650 3688 713 3737 ad
730 3704 836 3737 rem
855 3688 1002 3738 unius
1014 3723 1034 3753 ,
1056 3687 1305 3738 interdum
1326 3693 1377 3738 et
1393 3689 1611 3755 plurium
1627 3689 1782 3741 verba
1807 3687 2096 3755 adjecimus.

484 3771 605 3845 (Μ’)
629 3778 736 3842 Qua
755 3783 923 3828 umen
936 3778 989 3828 in
1006 3796 1061 3830 re
1080 3778 1194 3845 quis
1213 3793 1435 3844 uuquam
1451 3783 1538 3828 aut
1557 3793 1588 3828 a
1605 3793 1695 3827 sua
1704 3777 1821 3828 satis
1835 3793 2010 3827 cavero
2022 3814 2038 3843 ,
2057 3782 2143 3827 aut
2151 3779 2428 3844 typotheta-

418 3867 483 3917 ὡ
503 3867 638 3918 omni
654 3868 802 3934 culp·
821 3873 957 3919 tuto·
977 3875 1213 3936 prostare
1226 3865 1427 3936 potuit?
1444 3869 1521 3918 He
1531 3867 1736 3932 quidem
1754 3867 1842 3917 hio
1854 3904 1870 3933 ,
1890 3871 1949 3916 ut
1967 3867 2170 3918 omnino
2193 3869 2245 3918 in
2258 3869 2387 3919 vitiis
2409 3909 2426 3933 ‚

418 3970 526 4020 qun
545 3962 814 4024 supersunt
828 3993 846 4024 ,
866 3960 1233 4025 typographicis
1246 3995 1267 4027 ,
1294 3957 1487 4010 facilius
1504 3961 1643 4008 certe
1656 3960 1857 4007 munet
1873 3942 2090 4008 valitudo
2099 3994 2119 4024 ,
2144 3973 2243 4022 qua
2256 3992 2276 4022 ,
2297 3959 2430 4008 nolus

418 4046 697 4112 corrigendi
716 4062 923 4098 munem
952 4048 1190 4116 fungens,
1212 4066 1366 4117 sepe,
1394 4048 1661 4115 quominu-
1675 4084 1691 4114 ,
1714 4051 1955 4113 qumtum
1976 4048 2237 4100 voluissem
2251 4084 2267 4111 ‚
2295 4062 2431 4097 curn

419 4137 703 4190 adhiberem
716 4175 735 4206 ,
755 4138 1075 4206 impediebar.
