3111 4829
1507 347 1767 471 (⁵268)

633 542 839 608 neque
890 523 972 587 ob
1018 523 1203 588 aliam
1252 544 1502 587 causam
1542 519 1774 605 judicis
1820 522 2292 606 postulationem
2318 569 2336 606 ‚
2384 521 2666 607 quamvis

637 637 961 722 separatim
992 633 1069 700 de
1105 637 1209 701 illa
1241 637 1434 723 egisse
1464 657 1591 701 non
1630 634 1907 700 videatur
1939 631 2050 723 2),
2087 658 2120 700 a
2156 635 2301 721 Cajo
2329 635 2489 698 inter
2511 634 2667 721 legis

632 751 903 822 actiones
947 751 1327 816 nominatam
1373 773 1501 814 esse
1531 750 1873 836 suspicatur
1907 748 2197 835 Dupont,
2240 770 2466 836 quam,
2496 745 2665 839 quod

633 864 948 931 interdum
984 864 1114 928 sine
1152 864 1257 928 illa
1299 864 1509 950 peragi
1543 864 1877 949 potuerint.

730 976 1132 1042 condictione
1154 1026 1172 1060 ,
1208 999 1347 1064 quae
1391 989 1480 1049 est
1513 977 1674 1043 actio
1713 978 1781 1042 in
1821 998 2140 1063 personam
2166 974 2237 1065 3)
2261 1024 2278 1062 ,
2301 988 2490 1040 notor
2527 973 2667 1040 ad—

634 1093 932 1155 versario
974 1090 1458 1168 denuntiabat,
1508 1103 1586 1156 ut
1629 1090 2059 1180 adjudicent
2115 1089 2512 1178 capiendum
2559 1087 2666 1153 dio

598 1239 603 1244 ·
638 1200 844 1274 XXX
865 1203 1123 1269 adesset
1160 1201 1248 1292 4).
1282 1205 1384 1268 Sic
1422 1202 1644 1289 Cajus,
1678 1206 1720 1266 ·4
1744 1252 1761 1286 ,
1791 1203 1872 1268 18
1897 1251 1915 1288 ‚
1959 1203 2104 1289 qui,
2146 1200 2309 1266 hanc
2352 1202 2503 1287 legis
2548 1222 2669 1266 ac-

638 1314 868 1380 tionem
910 1317 1151 1403 legibus
1188 1318 1336 1382 Silia
1372 1328 1434 1382 et
1463 1317 1791 1402 Calpurnia
1815 1365 1834 1401 ,
1874 1317 2022 1380 Silia
2063 1313 2318 1402 quidem
2351 1325 2529 1379 certae
2551 1335 2668 1399 pe·-

640 1431 883 1515 cuniae,
935 1431 1266 1518 Calpurnia
1289 1442 1515 1501 -autem
1560 1431 1637 1496 de
1685 1430 1856 1496 omni
1903 1453 1967 1495 re
2011 1441 2176 1495 certa
2203 1478 2220 1511 ,
2248 1429 2666 1524 ‘constitutam

642 1566 771 1608 esse
794 1593 810 1626 ,
841 1555 1050 1610 monet
1074 1593 1090 1628 ,
1114 1544 1290 1608 valde
1326 1556 1534 1614 autem
1559 1594 1576 1627 ‚
1607 1567 1812 1638 quare
1843 1543 2221 1608 desiderata
2255 1546 2387 1617 sit,
2414 1545 2668 1633 quaeri,

642 1681 842 1748 quum
874 1657 950 1724 de
988 1679 1102 1733 eo,
1145 1657 1322 1745 ‘quod
1363 1659 1548 1722 nobis
1590 1658 1753 1724 dari
1790 1671 2034 1745 oportet
2062 1705 2078 1729 ‚
2103 1662 2513 1745 potuerimus
2555 1682 2674 1726 sa-

599 1782 976 1860 cramento
1033 1780 1155 1833 aut
1193 1792 1318 1856 per
1355 1770 1631 1857 judicis
1677 1771 2184 1856 postulationem
2242 1793 2457 1858 aqere.
2509 1772 2628 1835 Nos
2651 1819 2670 1856 ‚

644 1905 767 1969 quo
789 1882 1171 1946 manifestius
1198 1881 1504 1946 condictio
1528 1882 1749 1946 abillis
1776 1883 2118 1947 actionibus
2149 1881 2390 1965 differt,
2425 1905 2495 1948 eo
2527 1884 2665 1947 mi-

643 2018 800 2083 nua,
844 2016 956 2066 cur
1001 2017 1375 2081 supervacua
1426 1994 1621 2060 videri
1661 1995 1968 2087 potuerit,
2008 1994 2431 2082 intelligimus,
2469 1996 2625 2060 Nam
2652 2044 2671 2081 ‚

644 2123 716 2175 nt
759 2121 975 2176 caetera
998 2158 1015 2193 ,
1053 2109 1131 2173 de
1163 2109 1389 2198 quibus
1419 2120 1599 2175 acute
1621 2108 1874 2193 conjicit
1896 2110 2142 2194 Dupont
2162 2157 2179 2190 ,
2210 2110 2554 2192 mittamus,
2573 2109 2672 2175 vel

644 2222 824 2306 iden,
859 2222 1022 2309 quod
1059 2224 1423 2287 sacramenti
1469 2244 1716 2309 poenam
1760 2223 1865 2288 illa
1908 2245 2033 2288 non
2085 2222 2436 2289 continebat
2460 2272 2477 2307 ,
2519 2245 2672 2290 eon-

647 2337 917 2425 dictione
956 2339 1194 2427 agentis
1230 2339 1553 2404 meliorem
1596 2337 2014 2409 conditionem
2053 2339 2241 2406 fuisse
2281 2337 2577 2403 crederes,

713 2526 766 2589 1)
786 2525 912 2574 vtdo
922 2561 940 2589 ,
961 2541 1026 2573 an
1047 2529 1220 2573 contra
1235 2524 1440 2574 suadeat
1456 2561 1472 2589 ‚
1493 2525 1629 2589 quod
1648 2525 1791 2590 Cajus
1808 2562 1823 2585 ‚
1844 2525 1875 2575 4
1890 2562 1905 2586 ‚
1930 2526 1995 2575 20
2013 2563 2028 2589 ,
2050 2525 2221 2574 dicens
2244 2530 2556 2576 sacramento
2578 2531 2675 2575 aut

642 2631 739 2680 per
764 2615 965 2678 judicis
992 2615 1388 2678 postulationem
1427 2631 1575 2679 aqere
1591 2651 1607 2678 ,
1643 2614 1771 2663 hanc
1802 2615 1956 2663 solam
1991 2630 2192 2678 quoque
2214 2630 2319 2662 esse
2353 2619 2637 2678 usurpatam
2661 2650 2679 2679 ,

648 2703 943 2753 confirmare
965 2703 1178 2752 videtur.
1202 2730 1267 2742 —
1286 2704 1338 2769 2)
1363 2703 1562 2751 Lacuna
1586 2703 1717 2752 enim
1739 2702 1924 2750 codicis
1943 2739 1957 2763 ‚
1978 2718 2042 2750 no
2071 2718 2150 2750 res
2168 2717 2257 2765 pro
2288 2707 2425 2749 certo
2448 2701 2683 2751 adfirme-

645 2800 731 2843 tur
748 2830 764 2858 ,
784 2798 934 2842 vetat.
951 2821 1012 2831 —
1034 2793 1086 2856 δ)
1107 2793 1169 2842 V.
1193 2792 1323 2857 Dup.
1344 2808 1397 2858 p.
1418 2793 1501 2842 26.
1521 2820 1587 2835 -
1608 2791 1669 2852 4)
1695 2791 1845 2840 Addit
1862 2781 2033 2856 Gajns,
2056 2794 2145 2839 'sua
2174 2795 2316 2838 aetate
2345 2805 2445 2837 non
2473 2791 2677 2853 proprie

650 2883 1018 2933 condictionem
1038 2882 1139 2931 dici
1162 2882 1409 2931 actionem
1444 2881 1494 2929 in
1532 2896 1790 2946 personam
1806 2916 1820 2943 ‚
1859 2894 1957 2942 qua
1993 2880 2307 2927 intendimus
2323 2912 2344 2944 ,
2377 2879 2500 2927 dari
2531 2878 2678 2928 nobis

647 2981 872 3038 oportere
881 2993 903 3035 ‚-
925 2975 1114 3027 nullam
1137 2974 1272 3023 enim
1294 2989 1354 3025 eo
1372 2972 1572 3024 nomine
1596 2969 2018 3021 denuntiationem
2045 2968 2174 3019 fieri.

743 3153 949 3217 271.c·
999 3150 1134 3215 ·Per
1169 3170 1393 3217 manus
1425 3147 1826 3235 injectionem
1866 3151 1895 3211 1
1921 3145 1947 3241 )
1972 3147 2185 3233 Cajus,
2214 3150 2288 3231 4,
2317 3147 2394 3210 21
2425 3193 2443 3230 ‚
2476 3142 2553 3208 de
2578 3142 2675 3207 his

648 3261 869 3345 rebuS,
901 3262 1018 3345 ait,
1055 3263 1154 3348 agi
1182 3311 1199 3346 ,
1237 3262 1315 3326 de
1340 3263 1614 3349 quibus,
1646 3275 1720 3328 ut
1742 3266 1843 3330 ica
1869 3273 2215 3350 oyes-etur,
2249 3261 2386 3346 lege
2421 3269 2672 3324 cautum

648 3377 758 3460 sit,
783 3377 958 3440 velut
979 3375 1274 3462 judicati
1296 3377 1430 3465 leqe
1471 3375 1635 3441 XII
1658 3377 2040 3443 tabularum
2057 3400 2083 3453 3
2113 3373 2436 3438 formulam
2466 3382 2678 3439 autem

649 3491 886 3577 agentis
935 3490 1159 3558 fuisse:
1206 3489 1388 3578 quod*
1421 3502 1492 3557 tu
1542 3490 1715 3554 milei
1734 3488 2103 3576 judicatus
2145 3490 2278 3551 sive
2318 3483 2678 3550 danmatus

652 3627 719 3669 es
746 3607 1119 3668 sestertium
1147 3601 1222 3668 X
1245 3604 1468 3668 millia
1490 3651 1515 3680 ,
1548 3624 1694 3694 quoe
1724 3602 1869 3667 dolo
1898 3604 2074 3667 malo
2102 3622 2230 3664 non
2264 3596 2564 3672 solvisti,
2600 3596 2677 3663 ob

653 3740 798 3781 eam
828 3740 968 3781 rem
1007 3739 1118 3805 eqo
1157 3716 1280 3783 tibi
1320 3721 1698 3782 sestertium
1736 3715 1811 3787 X
1835 3718 2053 3783 millia
2081 3712 2391 3803 judicati
2434 3734 2677 3782 manus

652 3832 889 3916 injicio
904 3856 930 3909 3
963 3830 1095 3897 haec
1137 3830 1446 3901 dicentem
1491 3831 1675 3897 simul
1728 3832 1997 3917 aliquam
2041 3826 2365 3894 adversarii
2408 3828 2678 3913 corporis

580 3946 585 3951 ’
651 3953 885 4029 partem
927 3944 1273 4032 prendisse,
1306 3968 1422 4010 nec
1452 3946 1695 4010 licuisse
1715 3944 2029 4033 judicato
2066 3963 2339 4004 manum
2376 3940 2510 4005 sibi
2561 3940 2677 4004 ds-

646 4057 890 4157 pellere
933 4071 998 4129 et
1025 4082 1148 4148 pro
1182 4084 1252 4127 se
1295 4061 1429 4152 leqe
1469 4081 1661 4149 aqere
1681 4082 1708 4138 ,-
1741 4055 1844 4127 sed
1875 4052 2183 4126 vindicem
2230 4052 2508 4143 dedisse,
2561 4056 2679 4149 qui
