3111 4829
1356 366 1604 451 (375)

477 497 763 581 stipatum
813 496 917 586 2),
960 498 1102 564 victi
1146 497 1332 563 duces
1372 520 1520 564 cum
1563 496 1795 561 caeteris
1819 497 2068 583 captivis
2100 494 2191 584 3).
2223 497 2482 562 Trium-

474 607 767 693 phantem
816 634 1076 699 sequens
1112 612 1302 678 victor
1341 612 1639 677 exercitus
1684 612 1991 676 laureatus
2034 632 2257 697 agmen
2294 612 2483 677 clau-

473 719 683 808 debat,
710 723 769 789 io
798 724 1135 813 triumphe!
1162 726 1550 813 ingeminans
1565 774 1582 808 ,
1602 724 1904 810 jocularia
1931 709 2112 788 etiam
2134 747 2358 789 canens
2379 722 2480 813 4),

471 856 543 899 ac
565 838 897 921 petulantia
919 861 1000 904 ne
1022 839 1168 905 duci
1187 839 1439 927 quidem
1462 861 1717 926 parcens
1740 835 1831 928 5).
1876 839 2013 925 Ipse
2052 850 2209 903 veste
2243 839 2480 903 trium-

470 947 640 1033 phali
660 998 678 1033 ‚
733 960 872 1036 toga
911 950 1071 1037 picta
1093 1000 1112 1037 ,
1158 953 1370 1018 tunica
1411 953 1674 1039 palmata
1738 949 1844 1041 6),
1895 953 2101 1018 laurea
2151 975 2371 1018 corona
2418 963 2484 1017 et

471 1074 703 1148 sceptro
727 1064 999 1129 eburneo
1038 1067 1404 1153 conspicuus
1426 1115 1443 1150 ,
1472 1089 1661 1131 curru
1694 1068 1972 1153 fulgente
1995 1115 2014 1150 ,
2044 1078 2304 1154 quatuor
2331 1069 2486 1153 ple-·

468 1197 735 1264 rumque
758 1179 930 1265 equis
957 1178 1111 1243 albis
1130 1177 1466 1244 vehebatur
1488 1175 1583 1267 7).
1612 1180 1781 1242 Pone
1815 1190 1977 1243 stans
2000 1201 2205 1243 servus
2229 1203 2480 1247 auream

467 1312 756 1356 coronam
799 1291 1046 1357 tenebat
1069 1289 1159 1381 8).
1182 1293 1260 1356 In
1290 1292 1586 1377 Capitolio
1623 1291 1874 1356 solenne
1911 1292 2280 1357 sacrificium
2304 1293 2434 1358 Jovi
2457 1342 2483 1377 ‚

468 1424 728 1492 parsque
775 1405 1212 1471 manubiarum
1255 1405 1371 1471 diis
1409 1404 1749 1471 dicabatur.
1796 1406 1955 1470 Festi
2001 1405 2142 1470 finis
2184 1408 2382 1493 epulae
2419 1418 2483 1472 et
2597 1433 2600 1436 “

466 1516 713 1600 publica
734 1516 941 1580 laetitia
965 1513 1056 1601 9).
1081 1517 1321 1580 Navalis
1339 1517 1596 1581 nomine
1634 1528 1696 1581 et
1741 1517 1820 1581 ab
1839 1539 1910 1581 re
1937 1517 2243 1603 pendente
2264 1519 2482 1584 diver-

465 1628 636 1690 sitate
659 1625 1057 1712 distinguitur
1087 1627 1436 1714 triumphus
1456 1629 1723 1694 victorias
1743 1630 1972 1697 navalis
1990 1679 2008 1714 ,
2036 1653 2224 1718 quem
2245 1634 2483 1719 primus

466 1739 593 1825 egit
630 1739 899 1806 Duillius
917 1789 936 1825 ,
981 1742 1271 1806 columna
1314 1753 1567 1809 rostrata
1624 1742 1650 1833 (
1663 1746 1722 1830 §.
1778 1741 1982 1834 426.)
2024 1743 2379 1811 honoratus.
2425 1746 2484 1810 A

466 1849 798 1937 triumpho
821 1851 969 1917 dicti
1008 1875 1186 1918 arcus
1224 1855 1624 1943 triumphales
1659 1856 1755 1947 (§.
1792 1857 2242 1946 50.)Extincta
2277 1861 2483 1926 liber-

467 1973 587 2026 tate
614 2011 631 2046 ,
662 1964 873 2029 multis
900 1964 978 2029 de
1001 1966 1198 2030 causis
1220 1977 1699 2032 consentaneum
1720 1970 1840 2033 fuit
1859 1970 2161 2056 triumphi
2183 1969 2480 2037 honorem

464 2067 854 2161 Principibus
878 2077 1144 2163 relinqui
1174 2075 1281 2164 10)
1305 2125 1324 2160 ,
1358 2101 1396 2141 e
1429 2078 1657 2163 quibus
1681 2080 1760 2143 ad
1783 2103 1914 2146 sera
1933 2083 2184 2167 Imperii
2211 2093 2480 2169 tempora

469 2183 916 2273 triumphantes
938 2199 1357 2253 memorantur
1380 2187 1736 2278 (Augustus
1749 2238 1768 2274 ,
1794 2192 2087 2257 Claudius
2107 2242 2125 2277 ,
2147 2195 2444 2279 Trajanus
2459 2245 2479 2281 ,

464 2300 838 2366 Aurelianus
857 2350 875 2384 ,
926 2300 1097 2387 alii.)
1149 2302 1396 2369 Caeteris
1450 2301 1756 2389 triumphi
1808 2305 1943 2370 loco
1998 2305 2241 2373 decreta
2294 2331 2483 2378 orna-

463 2426 675 2480 menta
722 2409 832 2502 11)
878 2411 1274 2502 triumphalia
1335 2413 1465 2505 12).
1510 2416 1718 2481 Minor-
1746 2416 2061 2505 triumpho
2100 2421 2299 2486 ovatio
2345 2420 2478 2512 13).

465 2526 669 2593 Ovans
711 2526 970 2615 pedibus
1011 2540 1120 2593 aut
1167 2548 1326 2616 equo
1371 2512 1515 2595 cum
1555 2541 1840 2616 praetexta
1879 2542 1942 2597 et
1982 2555 2207 2601 corona
2246 2547 2479 2623 myrtea

465 2644 688 2709 urbem
732 2642 998 2708 intrabat
1019 2667 1038 2729 ;
1079 2665 1187 2730 pro
1231 2644 1420 2709 tauris
1460 2644 1587 2708 ovis
1605 2693 1623 2728 ‚
1672 2644 1841 2710 unde
1884 2668 2114 2712 nomen
2136 2696 2155 2731 ,
2195 2648 2484 2716 immola-

466 2758 666 2824 hatur.
720 2761 918 2825 Fuere
973 2759 1158 2824 etiam
1188 2807 1207 2842 ‚
1261 2759 1392 2846 qui,
1447 2759 1617 2843 justo
1677 2760 1991 2847 triumpho
2049 2773 2314 2848 negato,
2364 2765 2488 2828 suis

467 2874 766 2939 sumtibus
821 2875 889 2939 in
950 2883 1161 2938 monte
1201 2872 1442 2936 Albano
1466 2919 1484 2954 ,
1537 2893 1763 2959 pompa
1825 2872 1904 2939 ad
1958 2876 2266 2960 templum
2331 2876 2490 2941 Jovis

464 2986 717 3048 Latiaris
736 2996 1031 3068 pergente
1050 3029 1071 3064 ,
1106 2984 1561 3067 triumpharent
1594 2983 1729 3070 14).
2494 3081 2497 3085 ,

538 3144 589 3208 1)
615 3143 691 3195 Cf.
713 3141 843 3191 vell.
865 3141 898 3192 2
914 3177 930 3203 ‚
954 3140 1038 3191 56.
1060 3167 1127 3180 -
1150 3140 1213 3202 2)
1236 3140 1314 3190 Cf.
1338 3142 1520 3191 Juven.
1560 3142 1623 3191 10
1641 3178 1658 3207 ,
1681 3140 1766 3192 45.
1783 3169 1845 3181 -
1863 3142 1916 3209 5)
1944 3140 2023 3194 Cl'.
2047 3144 2177 3211 Vop.
2200 3147 2382 3198 Aursl.
2405 3149 2489 3202 34.

468 3259 535 3276 ..
554 3235 607 3299 4)
631 3234 737 3282 Cic.
769 3235 829 3282 in
857 3233 969 3283 Ps‘s.
986 3231 1050 3282 25
1064 3266 1084 3296 ‚
1103 3233 1237 3298 qm'd
1256 3233 1460 3309 tandem
1480 3231 1629 3282 habet
1649 3234 1741 3281 iseo
1762 3249 1948 3283 currus
1964 3238 1993 3283 Ρ
2024 3238 2154 3300 quid
2184 3239 2348 3287 vincti
2374 3246 2493 3289 anto

468 3341 684 3377 currum
703 3324 855 3373 ducos
870 3326 899 3371 Ρ
918 3323 1048 3388 quid
1076 3324 1355 3374 simulacra
1395 3325 1701 3388 oppidorum
1719 3327 1746 3372 ?
1764 3325 1894 3388 quid
1912 3328 2141 3376 aarum?
2160 3328 2290 3391 quid
2308 3345 2492 3393 arqen-

470 3418 618 3487 tum?
648 3414 778 3478 quid
798 3412 979 3476 Loqatn·
989 3414 1047 3460 iss
1067 3414 1209 3476 equis
1230 3419 1276 3460 st
1310 3412 1542 3495 Tribuni
1554 3416 1581 3459 ?
1601 3415 1733 3478 quid
1752 3415 1944 3464 clamor
1963 3417 2186 3481 militum
2202 3420 2231 3465 P
2252 3445 2314 3458 -·
2333 3418 2386 3484 5)
2412 3419 2488 3469 Cf.

472 3505 607 3553 Suet.
648 3504 773 3555 Cau.
814 3500 879 3551 50
915 3504 966 3550 et
997 3498 1082 3549 51.
1100 3527 1166 3542 -
1183 3503 1243 3561 6)
1269 3502 1346 3550 Cl'.
1374 3500 1499 3568 Lyd.
1520 3502 1582 3564 2,
1606 3503 1658 3552 2.
1677 3504 1809 3569 —7)
1834 3504 1910 3553 Cf.
1934 3505 2056 3556 lior.
2080 3506 2257 3572 Epod.
2293 3510 2327 3559 9
2345 3547 2362 3575 ,
2396 3511 2487 3574 21,

473 3592 978 3657 Prop.4,1,152.—
1002 3590 1056 3657 s)
1085 3591 1162 3640 cr.
1184 3592 1365 3640 sumn.
1400 3590 1494 3654 ιο,
1519 3590 1687 3640 59.—
1710 3590 1763 3656 9)
1799 3591 1874 3640 cr.
1907 3592 2014 3642 mv.
2039 3593 2099 3658 ι,
2139 3595 2230 3661 10,
2263 3596 2358 3660 54,
2391 3597 2486 3661 52,

476 3680 542 3729 45
555 3716 574 3744 ,
612 3679 676 3729 40
694 3717 711 3744 ,
750 3680 894 3730 Ovid-
916 3681 1061 3732 Face.
1085 3679 1147 3744 4,
1170 3678 1221 3727 2.
1252 3678 1451 3743 Pompoe
1472 3677 1786 3744 triumphalis
1810 3696 1908 3731 ιιι-ο
1931 3698 2205 3748 expressam
2227 3684 2489 3751 imaginem

475 3768 628 3817 babes
658 3768 711 3817 in
737 3770 891 3820 Thoe.
918 3771 1085 3820 (ἕπευ.
1119 3786 1170 3819 v·
1196 3769 1311 3831 nt„
1350 3768 1464 3818 inde
1486 3768 1538 3816 in
1563 3768 1866 3834 Nieupoortii
1882 3807 1899 3834 ,
1924 3772 2158 3837 Cantelii‚
2183 3775 2492 3842 aliorumque

476 3858 627 3906 libros
657 3857 718 3906 de
749 3860 1123 3924 antiquitatibus
1157 3858 1460 3907 hunslatam.
1501 3858 1639 3907 Inter
1670 3863 1894 3908 veterum
1919 3860 2268 3927 descriptiones
2288 3865 2491 3931 insignis

477 3953 552 3997 est
568 3949 806 4014 triumphi
825 3952 1002 4001 AEmilii
1023 3952 1164 4001 Pauli
1182 3966 1264 4014 ap.
1284 3950 1626 4000 Plutarchum.
1643 3952 1683 3998 E
1698 3953 1901 4016 reliquis
1919 3954 1988 4002 οἱ.
2008 3954 2216 4020 Appian.
2236 3958 2379 4008 Pun.
2397 3960 2460 4010 06
2472 4008 2489 4034 ‚

478 4040 582 4087 Jos.
623 4040 684 4089 do
721 4040 786 4090 B.
821 4041 948 4092 lud.
989 4043 1049 4107 2,
1090 4042 1186 4111 17,
1210 4041 1351 4092 ovid.
1379 4041 1540 4091 Trist.
1577 4039 1638 4107 4,
1673 4042 1736 4107 2,
1776 4042 1869 4109 55,
1894 4045 2217 4112 deponent),
2242 4048 2491 4114 esti.—
