3111 4829
1455 385 1713 471 (446)

586 520 1028 614 aqubycinis
1067 522 1189 586 sive
1225 521 1443 611 xylinis
1491 518 1561 610 4)
1610 545 1691 588 ne
1725 535 1956 590 vctczes
2002 524 2258 611 quidem
2281 573 2300 609 ,
2331 526 2553 612 opinor
2578 574 2599 611 ‚

587 627 823 720 semper
853 637 990 700 satis
1018 635 1423 723 distinguunt.
1467 637 1772 703 Gaeterum
1802 661 1873 703 ex
1907 650 2168 727 utroque
2200 663 2428 727 genere
2463 641 2603 706 aliae

586 749 860 832 viliores,
890 749 1024 815 aliae
1069 751 1400 836 tenuitate,
1446 753 1652 818 colore
1690 750 1801 841 5),
1848 765 2080 821 textui-a
2111 756 2603 842 pretiosissimae‚

588 865 805 932 Romae
845 878 1052 931 autem
1095 866 1210 932 sub
1241 867 1576 934 Caesaribus
1602 870 1841 957 vulgari
1880 871 2046 957 apud
2087 870 2302 938 divites
2345 895 2467 939 usu
2504 872 2600 961 6).

590 981 717 1045 Nec
741 1002 880 1045 vero
921 1004 1057 1048 rara
1096 992 1228 1047 tum
1257 993 1414 1048 texta
1443 1005 1481 1049 a
1515 1005 1662 1054 voce
1691 1007 1799 1050 ser
1819 1034 1838 1068 ,
1863 1013 1997 1070 τηρ,
2031 987 2229 1073 gentis
2250 985 2500 1077 (Seres)
2542 999 2607 1052 et

593 1093 906 1182 bombycis
934 1092 1082 1183 (ver
1106 1092 1150 1158 α’
1173 1092 1346 1184 soie)
1376 1098 1630 1162 nomine
1652 1147 1671 1182 ,
1718 1101 1907 1166 serica
1938 1098 2046 1190 7),
2085 1124 2123 1168 a
2158 1101 2462 1189 bombyce
2487 1124 2610 1167 au-

595 1220 721 1273 tem
746 1207 1111 1295 bombycina
1137 1208 1433 1295 adpellata
1449 1260 1468 1297 ,
1494 1210 1572 1275 ad
1598 1233 1863 1299 quorum
1889 1215 2155 1299 speciem
2183 1226 2437 1281 metaxa}
2461 1240 2615 1303 quo-

597 1341 719 1407 que
759 1321 1119 1389 vocabulum
1148 1322 1428 1390 trahitur.
1461 1326 1667 1393 Serica
1694 1339 1755 1392 et
1793 1350 1940 1393 cum
1977 1328 2237 1417 byssinis
2264 1330 2605 1418 xylinisque

559 1449 572 1460 ⁰
598 1437 852 1502 confusa
872 1485 890 1520 ‚
919 1447 978 1500 et
1003 1438 1083 1501 ab
1106 1440 1420 1505 nonnullis
1456 1462 1493 1505 a
1534 1440 1916 1529 bombycinis
1956 1441 2241 1509 distincta
2263 1444 2612 1508 inveniun—

602 1560 706 1615 tur
736 1546 804 1638 8)
829 1598 847 1635 ,
884 1567 1027 1640 quae
1050 1574 1160 1616 vox
1182 1602 1200 1636 ‚
1231 1563 1301 1617 ut
1328 1553 1591 1643 bombyx
1616 1604 1633 1638 ‚
1663 1553 1740 1620 ad
1771 1555 2089 1643 gossypion
2131 1578 2381 1645 quoque
2411 1554 2621 1624 refer-

603 1677 708 1734 tur
740 1662 832 1755 9).
1249 1699 1260 1712 ·

675 1854 726 1919 1)
750 1854 825 1903 Cf.
862 1854 993 1904 Plin.
1035 1854 1124 1920 19,
1161 1855 1213 1905 1.
1231 1883 1291 1892 —
1310 1855 1363 1921 2)
1388 1857 1464 1906 Cf.
1486 1856 1618 1906 Plin.
1642 1857 1713 1906 ib.
1733 1857 1921 1923 ,«P1·op.
1943 1856 1975 1907 4
1992 1894 2010 1922 ,
2033 1857 2128 1924 11,
2152 1857 2237 1909 54.
2262 1858 2396 1916 -3)
2415 1856 2529 1907 Tib.
2548 1859 2582 1908 5
2601 1896 2629 1927 ,
2685 1915 2691 1928 -,

608 1947 644 1997 2
662 1984 679 2010 ‚
713 1946 799 1996 21.
818 1972 882 1985 —
900 1944 954 2011 4)
990 1946 1027 1994 E
1063 1947 1287 2012 gossypio
1304 1983 1320 2011 ‚
1352 1953 1525 2011 colon,
1560 1946 1702 2012 cujus
1729 1946 1876 1994 arbor
1896 1947 2043 2012 xylon
2065 1982 2081 2010 ‚
2113 1947 2249 1996 unde
2263 1946 2481 2012 xylinum
2501 1983 2517 2010 ,
2558 1950 2626 1996 do

611 2035 784 2111 caton,
807 2048 1080 2111 eademque
1118 2036 1368 2119 ι’μᾶξυλον
1384 2048 1631 2115 [vocatur.
1648 2075 1707 2087 -
1727 2049 1780 2114 5)
1823 2049 1894 2098 De
1916 2048 2126 2098 vestium
2148 2048 2399 2099 coloribus
2421 2048 2632 2112 insignis

610 2142 750 2194 loeus
772 2144 915 2195 ovid.
940 2146 1002 2193 de
1025 2146 1092 2195 A.
1117 2147 1184 2195 A.
1209 2147 1272 2209 ὅ,
1299 2145 1413 2197 169.
1437 2163 1550 2211 sqq.
1575 2174 1638 2184 --
1659 2147 1712 2211 6)
1737 2145 1814 2193 (ΞΓ.
1846 2145 1990 2194 Mart.
2010 2146 2075 2208 2,
2113 2144 2211 2208 16,
2235 2145 2298 2209 5,
2328 2143 2391 2209 4,
2416 2143 2514 2207 19,
2546 2144 2632 2193 12.

612 2234 751 2296 --7>
775 2236 904 2286 Hinc
924 2236 1291 2302 ethelo-erico,
1313 2242 1371 2287 ut
1411 2240 1534 2288 stol·
1553 2274 1570 2302 ‚
1609 2237 1768 2287 van-o
1807 2251 1890 2301 ap.
1923 2237 2053 2285 Non.
2076 2233 2168 2297 14,
2192 2235 2254 2298 6,
2278 2235 2425 2284 vestis
2444 2271 2461 2298 ‚
2497 2233 2633 2299 Vop-

615 2327 795 2375 Auml.
818 2325 912 2389 45,
940 2326 1067 2377 Tac.
1091 2328 1183 2391 10,
1207 2328 1391 2393 Symm-
1408 2328 1523 2392 Ep.
1543 2328 1607 2391 4,
1630 2328 1683 2378 8.
1705 2327 1781 2376 Cf.
1801 2327 2001 2392 Lampr.
2024 2326 2231 2389 Helioq.
2247 2325 2333 2374 26.
2354 2352 2418 2363 —
2438 2325 2633 2391 8211150.

615 2416 821 2468 Panda.
843 2416 941 2481 59,
966 2413 1314 2486 ⁴,16‚§.7‚
1357 2418 1479 2468 Cod.
1510 2418 1651 2467 Just.
1694 2418 1792 2482 11,
1824 2414 2453 2482 ⁷‚1o.--9)cr.1³rop.
2478 2412 2540 2478 4,
2565 2412 2633 2479 8,

616 2504 799 2569 23‚1,
826 2504 922 2569 14,
948 2506 1414 2571 22‚von‘⁸‘eeen’ca
1451 2507 1738 2572 textilibus,
1775 2507 1918 2555 Mart.
1951 2506 2017 2570 9,
2050 2504 2149 2568 58,
2180 2504 2375 2570 3,11,
2412 2502 2591 2567 28,11
2619 2540 2639 2567 ,

618 2594 739 2642 Hor.
760 2593 937 2657 Epod.
953 2594 984 2644 8
1003 2631 1019 2658 ,
1045 2594 1126 2644 15.
1147 2623 1209 2633 -
1227 2594 1310 2660 10)
1333 2595 1466 2644 Plin.
1491 2594 1553 2644 19
1573 2632 1588 2659 ,
1610 2594 1635 2643 1
1661 2631 1677 2659 ,
1712 2596 2026 2659 similemque-0
2049 2594 2271 2645 barbato
2288 2595 2441 2645 nucis
2471 2592 2639 2655 defert

613 2682 844 2747 fructum
868 2719 886 2748 ,
916 2684 1069 2748 cujac
1084 2697 1145 2732 w
1163 2686 1401 2733 interium
1423 2684 1652 2748 bombyce
1672 2685 1863 2748 lunayo
1881 2691 2053 2735 netur.
2399 2714 2405 2719 -

714 2828 864 2894 449.
911 2824 1077 2912 Toga
1126 2822 1687 2914 (tegumentum,a
1736 2821 1978 2916 teqere)
2004 2849 2083 2908 ,a
2112 2828 2341 2895 Graecis
2390 2819 2643 2894 τῆβσννος
2708 2902 2711 2903 ⁷

623 2940 951 3029 adpellata,
990 2965 1229 3029 paunus
1257 2944 1498 3029 amplus
1521 2992 1538 3027 ‚
1578 2954 1647 3007 ut
1672 2942 1964 3028 plurimi,
1993 2942 2287 3031 quadrata
2314 2991 2331 3026 ,
2365 2952 2436 3008 ut
2456 2938 2649 3004 multi

621 3058 901 3141 voluere,
943 3056 1038 3121 vel
1079 3079 1320 3143 protsus
1361 3059 1457 3124 vel
1503 3081 1575 3124 ex
1616 3070 1786 3146 parte
1829 3058 2124 3142 rotunda,
2173 3070 2245 3123 ut
2285 3057 2462 3123 nobis
2498 3076 2645 3119 vero

622 3164 905 3261 pmpius,
949 3173 1108 3237 inter
1153 3172 1508 3262 quadratam
1547 3185 1609 3239 et
1636 3172 1961 3239 rotundam
1993 3174 2262 3261 variante
2298 3174 2498 3237 forma
2544 3165 2650 3257 1),

626 3286 706 3351 ab
748 3285 1009 3351 humero
1073 3288 1309 3361 sinistro
1362 3288 1598 3373 corpori
1654 3285 2090 3374 circumjecta,
2141 3287 2338 3351 libero
2390 3282 2651 3349 brachio

629 3399 866 3485 dextro,
907 3403 1093 3466 altera
1137 3422 1383 3489 quoque
1425 3413 1594 3497 parte
1640 3401 1951 3475 sinistrum
1974 3399 2310 3466 humerum
2340 3400 2655 3484 simulque

628 3511 952 3578 brachium
980 3560 998 3597 ,
1040 3513 1133 3577 vel
1169 3512 1480 3601 integrum
1510 3515 1606 3577 vel
1649 3514 1926 3601 superius
1951 3506 2213 3602 tegebat.
2251 3513 2353 3578 Sic
2385 3511 2657 3578 maxime

632 3604 1020 3695 statuendum
1046 3650 1082 3692 e
1106 3628 1312 3694 statuis
1334 3629 1545 3717 togatis
1567 3604 1872 3723 judicanti
1903 3623 1994 3717 2).
2030 3627 2147 3693 Sed
2182 3649 2309 3707 non
2338 3627 2527 3693 levior
2575 3623 2662 3690 de

634 3734 936 3807 induendi
965 3741 1196 3807 ratione
1216 3765 1404 3831 quam
1425 3740 1501 3809 de
1526 3744 1724 3809 forma
1754 3739 1822 3831 3)
1846 3754 2002 3831 togae
2043 3740 2451 3808 controversia
2496 3739 2666 3825 suit3

639 3853 761 3941 quo
804 3855 1094 3923 libentius
1131 3868 1454 3945 utramque
1497 3869 1558 3922 et
1601 3868 1873 3943 tempore
1911 3868 1971 3922 et
2011 3848 2360 3946 gerentium
2405 3854 2669 3928 arbitrio

631 3964 893 4034 ‘variasse
935 3971 1250 4038 existimes.
1297 3966 1527 4059 Fuere,
1558 3972 1666 4060 qui
1690 3995 1835 4037 cum
1866 3971 2003 4038 Oct.
2034 3972 2308 4036 Fen-ario
2340 3969 2407 4060 4)
2449 3979 2673 4063 contro
2717 4061 2720 4065 .
2785 4047 2791 4053 ι

566 4081 570 4087 ’
641 4066 787 4153 Μὴ.
816 4082 1091 4152 Rubenii
1134 4086 1492 4154 sententiam
1542 4083 1611 4175 ὅ)
1635 4135 1653 4172 ,
1703 4087 1784 4153 ab
1824 4080 1950 4153 imo
1991 4085 2068 4178 ad
2113 4074 2325 4175 pectus
2351 4072 2678 4167 clausam,
