3111 4829
1322 371 1577 456 (393)

531 513 686 575 393.
739 504 1066 571 Ordinaria
1118 513 1329 568 autem
1355 551 1374 587 ,
1411 527 1550 592 quae
1592 524 1774 590 supra
1803 505 2105 591 diximus,
2149 510 2469 595 vectigalia

435 645 568 688 mos
609 632 739 686 erat
784 644 820 686 a
876 620 1242 684 censoribus
1306 620 1520 706 quinto
1565 640 1813 705 quoque
1872 642 2034 683 anno
2081 644 2118 685 a
2180 621 2462 686 Calendis

433 734 695 816 Martiis,
724 734 790 797 in
825 734 975 798 Foro
1017 731 1186 797 hasta
1227 731 1416 818 posita
1457 729 1563 819 1),
1591 733 1778 796 locari
1815 729 1920 819 2),
1954 756 2077 819 quo
2107 735 2464 800 referuntur

431 852 655 918 tabulae
699 847 795 916 vel
837 844 1003 937 leges
1061 847 1354 915 censoriae
1403 846 1514 938 3),
1584 857 1643 913 et
1685 850 2060 916 hastarium:
2111 853 2460 918 redimendi

423 965 529 1050 jus
580 959 740 1029 inter
803 960 1112 1053 Equestris
1174 961 1423 1027 Ordinis
1496 964 1920 1050 praerogativas
1983 966 2459 1031 memoravimus

429 1069 691 1169 (5137
722 1089 782 1143 et
813 1076 1009 1166 251.)
1040 1075 1123 1141 Hi
1158 1078 1391 1164 igitur,
1422 1071 1489 1140 in
1524 1080 1833 1142 societates
1873 1073 2090 1163 divisi,
2123 1103 2231 1165 per
2262 1080 2458 1144 admi-

395 1189 646 1256 'nistros
692 1214 869 1275 suos,
898 1191 1215 1278 magistros
1261 1187 1733 1276 publicanorum
1756 1242 1774 1276 ‚
1812 1193 2126 1277 scripturae
2150 1242 2166 1275 ,
2205 1205 2455 1278 portus3

427 1327 676 1390 operas,
728 1305 1087 1391 portitoreS‚
1146 1303 1604 1389 scripturarius,
1642 1314 1757 1368 etc.
1816 1301 1883 1391 4)
1932 1327 2003 1369 ea
2044 1304 2457 1391 colligebant,

427 1403 675 1506 pactum
718 1415 929 1484 aerario
987 1415 1258 1503 pretium
1314 1419 1648 1500 solventes,
1692 1440 1816 1503 quo
1859 1416 2172 1483 redituum
2216 1441 2456 1486 summa

425 1534 817 1617 confluebat,
880 1555 1071 1615 cura,
1122 1533 1236 1596 sub
1284 1544 1526 1596 senatus
1576 1531 1974 1615 auctoritate,
2034 1531 2452 1613 Quaestoribus

364 1677 367 1680 ·
424 1638 731 1711 mandata.
764 1646 967 1714 Variae
1004 1668 1214 1709 rerum
1260 1641 1649 1732 publicarum
1692 1647 1814 1710 sive
1855 1652 2117 1710 externae
2165 1648 2286 1711 sive
2336 1647 2451 1711 in-

427 1770 615 1823 ternae
668 1758 1190 1845 perturbatione8‚
1242 1754 1378 1823 fieri
1432 1781 1558 1824 non
1620 1761 1859 1847 potuit,
1916 1761 2069 1849 quin
2137 1760 2448 1826 interdum

424 1895 679 1960 magnas
737 1873 934 1937 aerarii
1002 1871 1312 1959 angustias
1367 1874 1719 1960 adferrent3
1775 1874 1877 1941 sed
1925 1886 2116 1940 stante
2167 1876 2446 1942 libertate

424 1988 666 2053 facilius
707 1981 1048 2052 remedium
1075 2035 1091 2069 ‚
1120 1987 1234 2050 sub
1266 1988 1603 2052 Caesaribus
1632 2000 1841 2053 contra
1866 2037 1882 2070 ,
1912 1988 2201 2074 impensis
2247 2002 2307 2054 ct
2335 1991 2447 2053 tri-

421 2102 587 2167 butis
612 2104 984 2167 immensum
1011 2100 1203 2165 auctis
1222 2149 1239 2183 ‚
1268 2099 1571 2165 exhaustis
1596 2102 1922 2188 provinciis
1943 2151 1960 2185 ‚
1985 2126 2118 2167 rara
2147 2115 2253 2169 aut
2277 2106 2447 2169 nulla
2541 2133 2562 2155 κ

424 2236 460 2278 e
489 2210 736 2279 devictis
769 2214 1055 2300 gentibus
1077 2212 1277 2298 praeda
1303 2262 1321 2295 ,
1353 2215 1503 2300 quin
1532 2212 1717 2277 etiam
1748 2236 1898 2300 pace
1926 2237 1960 2279 a
1988 2213 2261 2279 barbaris
2291 2238 2445 2302 saepe

426 2339 587 2392 emta
611 2375 628 2409 ,
664 2319 926 2391 extincto
965 2321 1222 2411 insuper
1260 2326 1472 2411 patriae
1501 2348 1742 2409 amore,
1771 2333 2081 2413 perpetuae
2113 2330 2445 2417 augustiae,

426 2464 541 2506 nec
576 2443 699 2506 ulla
737 2436 975 2528 gravior
1001 2434 1255 2524 Imperii
1289 2440 1621 2506 calamitas,

514 2556 550 2619 J
557 2578 625 2619 us
656 2548 884 2619 tributa
915 2552 1275 2639 imponendi
1309 2554 1561 2640 ipsaque
1593 2553 1793 2618 aerarii
1822 2552 2263 2621 administratio
2287 2608 2303 2643 ,
2326 2582 2447 2645 quo

424 2662 1081 2749 trahendi'Quaestores
1112 2664 1361 2753 Regum
1392 2662 1420 2756 <
1433 2668 1493 2756 5.
1532 2661 1729 2755 211.)
1751 2717 1767 2750 ,
1798 2690 1833 2733 a
1862 2665 2138 2756 Regibus
2162 2718 2179 2753 ,
2211 2682 2277 2735 ut
2307 2694 2449 2735 vero

424 2777 709 2870 propiuS‚
740 2793 1063 2869 usurpata,
1096 2775 1320 2846 deinde
1350 2777 1604 2845 omnino
1640 2780 1717 2844 ad
1748 2794 1991 2846 senatus
2028 2784 2454 2850 auctoritatem

425 2893 788 2981 pertinuisse
817 2894 1101 2960 videntur
1134 2893 1240 2983 5),
1283 2905 1546 2980 utraque
1590 2894 1704 2957 sub
1734 2894 2069 2959 Caesaribus
2098 2919 2345 2984 quoque
2384 2900 2452 2962 in

430 3004 703 3093 speciem
726 3004 953 3071 relicta.
980 3003 1101 3070 Sed
1118 3007 1195 3070 ab
1207 3004 1484 3092 Augusto
1510 3028 1735 3070 novum
1761 3004 2128 3072 militaribus
2155 3010 2460 3074 sumtibus

429 3121 717 3184 aerarium
747 3121 1146 3183 constitutum
1173 3167 1191 3202 ,
1218 3137 1333 3183 usu
1369 3129 1430 3182 et
1470 3116 1993 3185 administratione
2038 3143 2073 3185 a
2098 3121 2458 3207 Principum

427 3233 677 3298 arbitrio
728 3232 1039 3319 pendens,
1071 3243 1287 3296 senatu
1326 3242 1532 3296 tamen
1583 3230 1813 3296 reditus
1856 3232 2252 3319 adsignante:
2289 3235 2456 3322 quod

429 3346 713 3411 aerarium
767 3344 881 3409 sub
912 3345 1041 3409 fisci
1082 3377 1172 3393 -·
1218 3368 1254 3409 a
1302 3343 1483 3428 fisco,
1528 3345 1793 3428 fiscello,
1846 3343 2057 3410 fiscina
2085 3343 2154 3434 6)
2199 3385 2290 3396 -—
2332 3370 2444 3411 no—

428 3462 601 3525 mine
627 3460 849 3524 sensim
879 3455 1179 3545 privatum
1207 3457 1544 3537 Caesaribus
1567 3457 1750 3522 evasit
1774 3507 1790 3540 ,
1814 3450 2040 3542 donec,
2064 3459 2252 3525 altero
2275 3460 2458 3546 plane

430 3594 785 3659 suppresso,
816 3578 1038 3637 cuncta
1064 3572 1131 3635 in
1155 3571 1373 3635 fiscum
1404 3570 1854 3637 confluxerunt.

2151 3761 2164 3790 Ι

498 3808 549 3871 1)
583 3806 659 3857 Cf.
684 3809 825 3858 Ovid.
860 3811 921 3859 de
960 3810 1027 3859 P.
1062 3807 1123 3869 4,
1161 3807 1224 3872 9,
1263 3805 1545 3872 45,Νιικο
1580 3808 1724 3871 1οηρὶ
1753 3808 1946 3855 redime
1983 3808 2138 3855 lamro
2174 3825 2461 3873 supponere

430 3898 586 3946 lustri
604 3905 798 3962 cernel,
822 3905 869 3946 ee
895 3906 1067 3948 exacta
1095 3904 1281 3946 cuncta
1302 3897 1468 3946 locare
1485 3892 1587 3961 fide
1598 3915 1618 3956 ,·
1638 3911 1751 3959 quae
1773 3890 1836 3943 ad
1859 3895 2105 3945 Caesarum
2127 3901 2353 3961 estatem,
2381 3899 2457 3947 lo-

435 3986 580 4035 candi
605 4002 725 4035 cura
737 3987 839 4051 jam
861 3987 1156 4036 Consulibus
1178 3986 1425 4036 mandata.
1449 4013 1515 4027 —
1539 3986 1592 4050 2)
1618 3986 1681 4035 V.
1700 3984 1807 4035 Liv.
1830 3982 1924 4051 45,
1948 3986 2010 4035 16
2029 4024 2045 4050 ‚
2070 3987 2270 4051 Hegew.
2291 4005 2342 4055 p.
2366 3987 2450 4038 95.

434 4094 546 4140 sqq.
573 4105 632 4119 -
655 4077 705 4141 5,
732 4078 808 4128 Cf.
832 4079 935 4128 cic.
962 4079 1113 4129 Verr.
1140 4079 1200 4145 ⁴1,
1226 4078 1322 4146 55,
1345 4078 1408 4145 5,
1432 4076 1483 4129 7.
1507 4106 1568 4119 --
1587 4077 1638 4144 4)
1663 4078 1739 4128 Cf.
1760 4078 1864 4127 Cic.
1898 4077 2049 4128 Verr.
2071 4078 2133 4139 2,
2155 4077 2239 4129 70.
2258 4096 2368 4144 sqq.
2394 4106 2459 4121 --·
