3111 4829
1644 410 1848 493 (48)

753 549 933 596 amicos
949 544 1208 612 (Augusti)
1229 580 1244 607 ,
1263 547 1356 610 qus·
1376 551 1554 594 matres
1566 542 1796 605 [αηιίὶίω
1812 548 1860 590 et
1878 539 2077 590 adultas
2105 545 2245 588 atate
2260 539 2476 602 eiryim
2503 518 2731 585 denuda-

752 642 887 700 rent,
904 643 1053 707 atque
1062 635 1399 699 perspicerent
1418 669 1433 696 ,
1467 640 1708 697 tanquam
1733 624 1992 681 noranta
2013 646 2261 695 manqono
2280 631 2533 679 vendente.

837 778 940 841 54.
991 774 1158 839 Servi
1198 772 1551 838 dividuntur
1593 772 1659 836 in
1691 772 1967 858 publicos
1992 783 2053 836 et
2087 772 2344 857 privatos
2371 775 2469 850 1).
2503 770 2576 833 In
2612 769 2731 833 illis

748 911 943 975 operae
970 887 1228 973 publicae
1249 934 1266 968 ,
1302 886 1468 949 velut
1489 884 1766 949 helciarii
1790 935 1807 968 ,
1834 886 2068 973 aquarii
2090 878 2120 968 ,²
2141 886 2433 968 metallis,
2462 884 2730 950 latumiis

744 1001 1041 1086 adhibiti,
1098 1023 1134 1064 a
1178 999 1562 1084 mancipibus
1611 998 1893 1064 conducti
1924 1049 1942 1084 ,
2006 1000 2153 1064 item
2216 1000 2680 1085 magistratuum
2711 1046 2728 1079 ,

747 1116 925 1179 etiam
965 1115 1029 1176 in
1071 1113 1427 1198 provinciiS,
1470 1136 1595 1178 non
1622 1124 1824 1179 tamen
1864 1136 2074 1178 omnes
2111 1114 2234 1205 (cf.
2265 1117 2323 1200 §.
2357 1110 2556 1199 217.)
2598 1113 2733 1176 mi-

744 1227 937 1292 nistri.
977 1225 1232 1309 Privati,
1275 1248 1537 1313 quorum
1573 1228 1870 1292 immensa
1907 1227 2122 1292 Romae
2153 1227 2323 1312 copia
2346 1275 2364 1309 ,
2397 1245 2730 1290 munerum

743 1338 947 1403 habita
991 1339 1220 1402 ratione
1261 1339 1491 1403 familia
1530 1339 1763 1402 urbana
1807 1349 1867 1401 et
1910 1340 2131 1403 rustica
2177 1337 2726 1423 distinguebantur.

739 1451 860 1515 Nos
882 1451 958 1516 de
990 1451 1348 1516 muneribus
1371 1454 1429 1538 §.
1459 1455 1697 1516 494-5.
1719 1499 1736 1532 ,
1774 1449 1877 1514 hic
1919 1461 2124 1514 autem
2149 1448 2225 1512 de
2248 1469 2553 1512 servorum
2576 1468 2730 1511 con-

742 1565 1009 1650 ditione,
1039 1576 1337 1651 postremo
1367 1563 1441 1628 tle
1467 1563 1941 1628 manumissione
1969 1562 2422 1648 explicabimus

828 1681 997 1745 Servi
1034 1679 1196 1764 apud
1223 1680 1562 1759 Romanos,
1585 1699 1707 1741 non
1746 1679 1813 1741 in
1832 1694 2224 1763 personarum
2246 1727 2263 1761 ,
2292 1677 2396 1742 sed
2427 1680 2493 1742 in
2522 1699 2730 1743 rerum

741 1797 863 1860 sive
902 1796 1205 1858 bonorum
1241 1813 1498 1855 numero
1540 1789 1729 1853 habiti
1753 1838 1771 1873 ,
1814 1812 1884 1854 ex
1925 1791 2176 1855 arbitrio
2221 1790 2454 1855 domini
2491 1791 2731 1856 vende-

737 1908 962 1970 bantur
985 1953 1001 1986 ,
1028 1901 1498 1989 pignerabantur
1525 1902 1590 1988 2)
1620 1950 1636 1983 ,
1669 1901 2116 1987 plectebantur,
2147 1903 2354 1987 primis
2377 1903 2728 1989 reipublicae

738 2016 1110 2104 temporibus
1125 2016 1379 2100 impune
1399 2016 1580 2078 etiam
1603 2014 1977 2079 necabantur
2001 2012 2090 2102 3).
2121 2015 2240 2080 Sed
2277 2016 2438 2101 juris
2475 2017 2727 2082 acerbi-

738 2143 922 2197 tatem
983 2153 1112 2195 mos
1184 2140 1243 2194 et
1301 2130 1622 2195 clementia
1688 2129 2075 2195 dominorum
2141 2131 2600 2217 temperabant;
2666 2142 2726 2195 et

736 2247 1095 2335 quaesitum,
1139 2245 1365 2308 olimne
1390 2292 1407 2326 ,
1448 2255 1516 2308 ut
1577 2246 1863 2309 Creuzero
1902 2246 2098 2331 placet
2147 2244 2173 2333 (
2190 2250 2248 2332 §-
2286 2243 2435 2331 45.)
2463 2294 2480 2328 ,
2531 2267 2610 2309 an
2658 2246 2725 2307 in

738 2359 1090 2425 dominante
1147 2358 1346 2424 Roma
1410 2357 1774 2423 tolerabilior
1831 2360 2016 2425 fuerit
2072 2381 2380 2425 servorum
2435 2358 2721 2426 conditio.

737 2471 871 2536 Sub·
907 2472 1235 2537 Caesaribus
1273 2471 1510 2558 legibus
1557 2474 1772 2555 etiam,
1822 2484 1890 2536 ut
1934 2473 2231 2537 Antonini
2284 2474 2379 2536 Pii
2432 2472 2535 2562 4),
2584 2497 2725 2564 pos-

738 2593 931 2647 tremo
955 2632 972 2666 ,
1024 2583 1313 2648 suadente
1370 2584 1622 2667 insuper
1676 2585 1971 2670 religione
2025 2584 2360 2650 Christiana
2384 2634 2401 2668 ,
2467 2587 2726 2651 coercita

740 2693 1128 2759 dominorum
1167 2695 1376 2761 libido.
1426 2696 1749 2784 Caeterumg
1783 2719 1898 2761 nec
1952 2720 2162 2761 omnes
2213 2696 2426 2761 eodem
2471 2720 2727 2762 numero

740 2806 903 2892 apud
952 2806 1308 2890 dominum,
1338 2818 1397 2870 et
1451 2828 1522 2870 ex
1548 2828 1805 2870 munere
1848 2828 2091 2892 quoque
2135 2808 2407 2872 acerbior
2452 2809 2729 2873 mitior-ve

737 2941 883 2985 sors.
936 2921 1198 3003 Vernae,
1250 2919 1363 2984 sub
1402 2920 1593 2984 oculis
1635 2918 2021 2983 dominorum
2071 2920 2315 3005 educti,
2364 2922 2727 3012 plerumque

740 3033 961 3097 melius
993 3081 1010 3116 ,
1042 3055 1228 3119 quam
1272 3033 1473 3097 caeteri
1500 3081 1517 3115 ,
1571 3054 1724 3117 saepe
1773 3033 1954 3097 etiam
1980 3079 2004 3108 ‚
2057 3035 2108 3097 si
2152 3033 2373 3099 dociles
2397 3085 2414 3118 ,
2465 3037 2725 3116 eruditi,

739 3147 789 3211 si
854 3145 1097 3211 candidi
1159 3147 1342 3211 moris
1366 3196 1385 3229 ,
1457 3145 1786 3210 liberaliter
1852 3145 2234 3211 habebantur
2268 3197 2285 3231 ,
2345 3146 2726 3235 indulgentia

741 3256 1128 3324 dominorum
1169 3258 1349 3321 multi
1386 3257 1794 3342 procaciores,
1829 3257 1995 3322 unde
2033 3259 2291 3324 verniles
2324 3260 2489 3343 joci,
2534 3260 2724 3339 dicta,

736 3369 1049 3465 blanditiae
1074 3420 1093 3455 ,
1139 3372 1443 3435 vernilitas
1468 3368 1557 3457 5).
1585 3372 1927 3457 Asperrima
1969 3372 2233 3438 conditio
2264 3395 2406 3437 rure
2448 3375 2717 3437 servien-

734 3484 936 3569 tium,
999 3486 1151 3571 qui,
1202 3483 1599 3572 compedibus
1650 3487 1809 3553 inter
1856 3510 2005 3574 opus
2047 3488 2272 3569 vineti,
2333 3486 2552 3550 reversi
2609 3507 2716 3550 ca-

738 3596 923 3660 meris
965 3596 1400 3682 subterraneis,
1453 3599 1764 3684 ergastulis
1819 3600 1844 3690 (
1893 3597 2075 3681 ιῖργυ,
2118 3594 2323 3679 ἐργάζευ
2367 3595 2393 3683 )
2445 3598 2725 3663 include-

740 3707 965 3774 bantur
1014 3710 1107 3800 6).

750 3893 755 3898 ’
806 3911 1360 3983 1)cr.1„iv.2o‚⁴7.‚
1391 3921 1519 3970 min.
1557 3922 1792 3986 Ep.10,
1824 3922 1980 3970 m-
2014 3922 2065 3986 2)
2092 3923 2291 3972 Panda.
2326 3924 2416 3990 4ο,
2454 3927 2513 3992 5,
2550 3927 2628 3977 2⁴.
2666 3954 2724 3965 -

742 3999 809 4063 ὅ)
833 3998 933 4063 Caj.
960 4000 1089 4049 Inst-
1115 4002 1176 4065 1,
1220 4006 1317 4068 52,
1342 4009 1412 4058 In
1442 4017 1676 4072 potestate
1714 4015 1881 4074 itaque
1912 4018 2035 4060 sunl
2069 4017 2200 4061 aerei
2235 4015 2578 4082 dominorum,
2615 4034 2724 4083 qua·

742 4089 940 4154 quodem
978 4096 1194 4152 potestas
1213 4094 1353 4153 juris
1389 4101 1610 4158 qoniam
1652 4107 1757 4157 eet,-
1798 4116 1915 4148 nam
1952 4104 2094 4164 apud
2123 4120 2288 4154 omnes
2315 4125 2544 4174 peroeqae
2565 4120 2725 4175 qantos
