3111 4829
1238 426 1580 472 rnatum.
2342 434 2413 477 rx

403 541 642 629 generis
675 540 931 605 humani
972 541 1321 629 cognitione
1351 548 1612 628 ‚·neque
1636 541 1974 629 quidquam
2017 545 2085 608 in
2125 545 2406 629 historia,

399 656 580 738 cujus
601 655 850 718 alteram
883 665 1118 740 partem
1140 654 1531 740 antiquitates
1566 666 1729 719 recte
1754 674 2041 723 vocamus
2067 705 2084 740 ,
2117 659 2265 723 utile
2300 670 2409 736 aut

399 768 600 833 studio
638 766 934 853 dignum,
975 778 1192 853 praeter
1239 789 1445 831 rerum
1486 776 1790 853 gestarum
1835 772 2283 839 enarrationem
2306 774 2410 837 in·-

401 881 603 945 veniat
626 904 643 963 3
699 881 906 965 quales
934 882 1127 944 fateor
1169 879 1418 966 quidem
1462 881 1758 965 plurimos
1800 902 1925 945 esse
1949 930 1967 963 ‚
2007 884 2413 967 expeditiones

400 994 619 1076 modo,
672 1016 907 1079 pugnas
931 1041 948 1076 ‚
998 992 1462 1079 triumphosque
1506 1004 1879 1078 quaerentes3
1927 996 2156 1081 quippe
2190 996 2415 1063 harum

399 1130 610 1172 rerum
648 1119 709 1171 et
761 1106 1080 1191 splendore
1128 1117 1191 1170 et
1234 1107 1498 1171 mirabili
1553 1107 1965 1175 vicissitudine
2009 1129 2081 1173 eo
2122 1110 2413 1185 libentius

401 1232 688 1285 tenentur
722 1220 1039 1312 homines,
1076 1218 1243 1306 quod
1285 1219 1683 1285 delectatione
1732 1221 1976 1285 animus
1999 1269 2018 1305 ‚
2046 1223 2235 1286 veluti
2268 1245 2412 1286 sce-

400 1334 569 1397 nicos
589 1332 763 1397 ludos
793 1333 1194 1418 spectantium
1217 1380 1234 1414 ‚
1266 1332 1394 1396 sine
1424 1332 1629 1396 labore
1658 1333 1906 1407 fruitur.
1929 1332 2050 1397 Sed
2079 1335 2196 1398 alia
2225 1335 2398 1421 vulgi

372 1447 464 1510 ‘in
479 1445 725 1509 historia
739 1446 868 1508 litte
876 1446 1074 1530 risque
1094 1492 1111 1526 ,
1128 1445 1247 1508 alia
1261 1443 1578 1509 doctorum
1591 1456 1651 1508 et
1664 1445 2032 1529 sapientium
2050 1446 2372 1512 oblectatio
2393 1496 2410 1529 ,

399 1559 568 1624 aliud
608 1558 936 1640 judicium.
964 1559 1043 1621 Hi
1074 1556 1280 1640 enim,
1303 1568 1373 1621 ut
1411 1558 1715 1623 inlitteris
1764 1560 2119 1646 artibusque
2161 1561 2411 1646 pulchri

404 1671 570 1733 illius
619 1669 921 1753 speciem,
956 1668 1138 1752 cujus
1186 1691 1430 1735 sensum
1475 1672 1734 1736 deorum
1775 1683 2010 1737 naturae
2063 1675 2409 1757 proximum

405 1792 631 1846 veteres
674 1779 912 1861 dixere,
957 1782 1043 1845 sic
1092 1782 1159 1845 in
1206 1780 1453 1848 historia
1502 1784 1768 1849 fatorum
1812 1786 2071 1871 vitaeque
2122 1785 2412 1851 humanae

303 1971 311 1979 ἱ
412 1894 675 1979 effigiem
695 1894 1170 1979 contemplantes
1187 1942 1206 1979 ,
1234 1896 1337 1959 illa
1369 1907 1533 1981 parte
1558 1946 1577 1981 ‚
1602 1921 1725 1985 qua
1748 1900 2116 1984 populorum
2140 1900 2417 1969 instituta

414 2028 724 2092 moresque
746 2008 1163 2090 continentur,
1192 2007 1359 2073 haud
1379 2011 1571 2075 levius
1595 2060 1612 2095 ,
1634 2012 1763 2076 imo
1795 2012 2133 2097 impensius
2156 2061 2176 2097 ,
2216 2036 2407 2099 quam

411 2144 614 2186 rerum
641 2133 950 2208 gestarum
972 2122 1354 2189 enarratione
1380 2121 1668 2189 delectari
1690 2124 1905 2189 solent.
1955 2146 1960 2149 ·

495 2237 631 2301 Jam
656 2283 675 2317 ,
709 2256 846 2321 quae
878 2234 983 2297 hic
1022 2234 1301 2298 universe
1332 2235 1800 2315 pronuntiamus
1825 2280 1842 2313 ‚
1866 2234 2004 2316 quis
2030 2255 2156 2297 non
2178 2236 2421 2303 intelli—

405 2362 546 2437 gat,
609 2347 891 2432 inprimis
948 2344 1023 2407 de
1068 2344 1425 2407 Graecorum
1473 2356 1533 2406 et
1581 2347 2004 2413 Rornanorum
2060 2346 2420 2435 antiquitate

403 2463 641 2528 valere?
652 2461 917 2542 Etenim,
937 2473 1133 2544 quum
1153 2457 1220 2521 in
1232 2458 1492 2522 aliarum
1511 2459 1832 2528 nationum
1853 2460 1972 2533 vita
1993 2465 2415 2547 cognoscenda

402 2589 512 2643 aut
524 2598 690 2641 mere
710 2585 817 2639 aut
840 2573 1216 2658 potissimum
1240 2571 1522 2637 historica
1548 2584 1809 2656 tantum,
1827 2585 1894 2642 ut
1916 2575 1998 2642 ita
2020 2576 2415 2665 distinguam,

406 2694 482 2756 sit
500 2690 726 2756 utilitas
747 2738 765 2770 ‚
805 2688 871 2750 in
907 2687 1027 2750 illis
1049 2695 1108 2749 et
1143 2684 1490 2750 historicam
1517 2687 1826 2774 insignem
1844 2737 1860 2770 ‚
1882 2699 1940 2752 et
1958 2689 2140 2755 aliam
2164 2692 2415 2776 insuper

405 2802 807 2887 multiplicem
848 2797 1296 2883 maximamque
1331 2798 1526 2864 inesse
1552 2848 1569 2881 ‚
1603 2810 1788 2885 patet.
1832 2800 1986 2865 Nam
2009 2851 2027 2883 ‚
2072 2813 2141 2866 ut
2171 2803 2413 2870 Graecos

406 2916 510 2980 hic
532 2916 867 2995 mittamus,
891 2913 1315 2976 Romanorum
1341 2910 1653 2977 historiam
1678 2913 1816 2999 quis
1836 2925 2020 2999 neget
2035 2926 2177 2979 ante
2200 2940 2413 2983 omnes

408 3032 865 3100 memorabilem
908 3051 1032 3093 esse
1076 3026 1424 3093 habendam
1443 3025 1475 3090 ¹?
1512 3028 1682 3108 Quid
1710 3029 1880 3093 enim
1911 3053 2125 3095 eorum
2151 3033 2418 3118 Imperio

404 3159 511 3215 aut
543 3147 834 3213 excelsius
865 3154 972 3208 aut
1006 3143 1200 3229 magis
1244 3141 1598 3206 mirandum
1647 3142 1879 3222 extitit,
1920 3143 2170 3225 cujusve
2205 3148 2415 3231 populi

405 3272 573 3326 tanta
600 3268 1000 3323 monumenta
1042 3266 1099 3319 et
1133 3255 1348 3341 priscae·
1369 3254 1816 3341 magnitudinis
1845 3255 2142 3340 stupenda
2164 3260 2415 3345 vestigia

408 3385 694 3460 superant
716 3368 748 3435 ¹?
768 3369 950 3452 cujus
977 3367 1244 3452 denique
1265 3414 1282 3448 ,
1327 3379 1394 3430 ut
1431 3390 1555 3431 uno
1585 3368 1803 3450 verbo,
1835 3368 2001 3453 quod
2023 3381 2113 3434 est
2132 3373 2417 3456 gravissi-

411 3511 584 3552 mum
605 3537 622 3569 ‚
643 3484 1125 3571 complectamur
1147 3527 1164 3562 ,
1192 3479 1482 3542 institutis
1500 3481 1567 3544 in
1597 3480 2010 3546 recentiorum
2045 3485 2413 3568 populorum

410 3601 593 3666 vitam
631 3596 964 3680 translatis,
992 3603 1161 3658 tanta
1187 3592 1276 3656 vis
1305 3591 1424 3656 fuit
1455 3593 1523 3656 in
1551 3594 1916 3659 universum
1949 3614 2145 3677 genus
2177 3593 2417 3674 huma-

410 3715 603 3780 num?

498 3829 831 3894 Justissima
858 3823 1125 3912 profecto
1154 3819 1287 3886 haec
1332 3819 1483 3884 ratio
1512 3816 1909 3884 existimanda
1931 3866 1949 3902 ‚
1974 3840 2086 3883 cur
2130 3823 2419 3910 antiqui-

415 3954 602 4007 tatum
639 3944 1067 4007 Romanarum
1107 3933 1524 4023 cognitionem
1564 3929 2041 3997 adolescentium
2092 3933 2169 3998 ad
2207 3936 2420 4003 altiora

412 4055 795 4122 tendentium
838 4049 1036 4116 studio
1081 4048 1499 4138 dignissimam
1530 4045 1836 4141 dicamus;
1861 4067 1974 4112 nec
1998 4058 2204 4113 tamen
2230 4049 2421 4115 altera

2055 4158 2094 4215 2
