3111 4829
2552 254 2568 295 e

1619 397 1647 477 (
1689 392 1771 455 ²⁶
1808 393 1835 477 )

721 523 929 613 Lystra
962 534 1026 589 et
1052 522 1277 590 Derbe.
1318 524 1549 590 Similis
1575 525 1643 589 in
1685 526 1820 590 aliis
1861 528 2014 593 ratio
2039 576 2057 611 ,
2100 529 2403 595 limitibus
2438 552 2562 597 non
2608 554 2739 599 una

719 663 904 709 causa
925 640 1256 727 ambiguis.
1282 638 1482 727 Lyciae
1510 687 1527 721 ,
1545 639 1709 704 inter
1732 639 1976 705 Cariam
2003 651 2065 706 et
2078 641 2499 731 Pamphyliam
2524 693 2543 729 ,
2560 644 2739 710 fluvii

717 754 1003 821 Xanthus
1041 765 1103 820 et
1140 754 1422 840 Limyrus
1452 800 1470 835 ,
1520 764 1760 819 montes
1794 753 2030 843 Cragus
2069 766 2131 821 et
2166 756 2500 844 Chimaera3
2548 759 2732 825 urbes

712 870 783 936 in
824 892 961 941 crass
987 869 1326 932 Telmessus
1348 914 1366 949 ,
1413 866 1628 932 Patara
1673 876 1698 957 (
1732 867 2084 959 Arsinoe),
2126 870 2329 958 Myra,
2387 872 2690 961 Olympus
2713 923 2732 958 ,

706 983 966 1048 interius
986 980 1228 1044 Pinara.

796 1098 904 1160 30.
952 1093 1169 1157 Ternis
1210 1093 1366 1157 Asiae
1405 1094 1666 1159 minoris
1715 1094 1833 1160 suh
1886 1095 2257 1184 Vespasiano
2316 1097 2521 1166 addita
2574 1124 2735 1187 pro-

700 1213 902 1278 vincia
942 1210 1525 1296 circumjacentium
1562 1212 1907 1278 insularum
1937 1262 1955 1299 ,
1999 1237 2188 1302 quas,
2230 1238 2303 1282 ex
2351 1229 2521 1304 parte
2568 1221 2736 1285 colo-

698 1327 821 1391 niis
858 1324 1213 1391 Graecorum
1248 1324 1531 1391 Asiaticis
1565 1324 2036 1414 comprehensas
2060 1377 2079 1413 ,
2108 1327 2225 1395 hac
2252 1331 2408 1396 serie
2444 1332 2732 1418 conjun—

697 1442 922 1529 gimus.
969 1442 1044 1505 ln
1091 1440 1465 1529 Propontide
1504 1441 1759 1530 Cyzicus
1786 1490 1804 1527 ,
1852 1442 2036 1528 cujus
2092 1465 2272 1510 mons
2324 1446 2675 1536 Dindymus
2707 1497 2728 1535 ,

689 1557 1112 1622 Proconnesus
1138 1603 1156 1640 ,
1198 1555 1331 1621 aliae
1354 1555 1663 1641 minimae3
1701 1556 1772 1620 in
1799 1557 1997 1643 AEgeo
2026 1546 2287 1645 Lesbos,
2317 1561 2499 1646 cujus
2542 1564 2731 1630 urbes

691 1671 985 1759 Mytilene
1008 1719 1025 1754 ,
1083 1668 1437 1756 Methymna
1466 1718 1484 1753 ,
1521 1668 1800 1755 Pyrrha3
1845 1668 2066 1757 Chios,
2121 1673 2306 1759 cujus
2361 1689 2724 1761 promonto-

688 1788 859 1851 rium
909 1785 1259 1866 Arlusium,
1313 1784 1462 1847 urbs
1507 1778 1727 1867 Chios3
1780 1785 1994 1850 Samos
2022 1833 2040 1869 ,
2089 1786 2273 1870 cujus
2327 1810 2503 1853 mons
2558 1792 2720 1855 Am-

682 1901 883 1989 peluS,
903 1899 1086 1964 urbes
1107 1898 1320 1963 Samos
1341 1908 1401 1961 et
1420 1898 1739 1981 Heraeum3
1759 1896 2081 1983 Sporades,
2101 1899 2171 1964 in
2195 1900 2422 1987 quibus
2442 1898 2720 1990 Patmus,

682 2017 829 2097 Cos,
857 2006 1053 2079 Icaria
1079 2061 1095 2096 ,
1124 2012 1345 2099 Syme3
1366 2011 1433 2075 iu
1458 2011 1617 2076 mari
1648 2008 1974 2097 Carpathio
2014 2011 2391 2099 Carpathus,
2415 2014 2715 2104 Rhodus,

680 2129 870 2217 (olim
912 2127 1198 2215 Atabyria
1224 2175 1241 2209 ,
1289 2124 1605 2212 Ophiusa,
1645 2125 2048 2211 Trinacria),
2090 2126 2274 2213 cujus
2316 2150 2494 2195 mons
2543 2122 2714 2198 Ata-

674 2244 929 2333 byrius,
970 2242 1156 2308 urbes
1213 2262 1399 2329 supra
1446 2250 1797 2331 memoratae
1835 2238 1917 2328 (§
1959 2241 2069 2307 26.
2096 2240 2155 2325 );
2210 2242 2280 2305 in
2321 2241 2480 2307 mari
2517 2243 2713 2309 Pam-

676 2359 891 2448 phylio
917 2354 1184 2448 (Ionio)
1209 2354 1445 2444 Cyprus
1461 2403 1479 2440 ,
1516 2355 1682 2420 infra
1727 2354 2039 2440 Ciliciam,
2069 2355 2252 2443 cujus
2273 2377 2451 2422 mons
2494 2356 2715 2447 Olym-

670 2493 825 2559 pus,
872 2467 1284 2556 promontoria
1340 2469 1701 2553 Drepanum
1731 2518 1750 2552 ,
1806 2468 2183 2556 Zephyrium
2212 2518 2231 2554 ‚
2290 2470 2660 2538 Dinaretum
2688 2521 2709 2559 ,

536 2625 541 2630 -
669 2581 1025 2652 Pedalium:
1086 2577 1309 2665 oppida
1354 2577 1637 2664 Paphos,
1681 2581 1980 2663 Curium,
2024 2580 2369 2666 Amathus,
2423 2584 2656 2650 Citium
2687 2636 2707 2673 ,

672 2697 932 2763 Arsinoe
954 2742 972 2779 ,
1004 2691 1261 2757 Salamis
1282 2739 1301 2775 ‚
1331 2690 1809 2778 Aphrodisium,
1838 2691 2180 2779 Lapathus,
2211 2695 2370 2758 Solae‘
2389 2741 2408 2780 ,
2439 2695 2706 2765 interius

671 2810 935 2898 Chytrus
958 2856 977 2890 ,
1012 2803 1384 2888 Trimithus‚
1426 2803 1716 2869 Idalium.

760 2929 868 2992 31.
918 2922 1093 3011 Syria
1129 2943 1312 3007 supra
1348 2919 1641 2984 Arabiam
1690 2941 1726 2983 a
1767 2917 1924 2983 mari
1958 2917 2204 2986 interno
2251 2921 2330 2987 ad
2373 2923 2699 3011 Orientem

667 3037 1051 3119 extenditur,
1088 3032 1277 3100 modo
1322 3032 1691 3118 conjuncta,
1735 3031 1919 3098 modo
1948 3035 2190 3101 exclusa
2234 3037 2693 3124 Mesopotamia.

668 3157 969 3221 Caeterum
1014 3149 1151 3236 ejus
1181 3158 1404 3234 ‚partes
1448 3147 1535 3211 cis
1583 3146 1942 3233 Euphraten
1994 3146 2465 3237 distinguuntur
2513 3154 2696 3242 Syria
2783 3207 2788 3212 ,

667 3270 929 3336 arctiore
967 3265 1167 3330 limite
1188 3309 1206 3346 ,
1250 3261 1575 3349 Coelesyria
1599 3306 1623 3336 ,
1651 3261 1944 3328 Phoenice
1962 3311 1980 3348 ,
2000 3263 2335 3332 Palaestina.
2363 3267 2550 3354 Syriae
2570 3291 2695 3335 an—

664 3380 949 3474 gustioris
979 3377 1240 3443 flumina
1286 3374 1586 3460 Orontes,
1627 3367 1849 3463 Singas
1869 3423 1896 3454 ,
1938 3377 2201 3468 Marsyas
2223 3428 2242 3463 ,
2293 3390 2532 3444 montes
2566 3380 2693 3448 Ca-

662 3500 787 3564 sius
808 3546 827 3575 ,
876 3496 1188 3576 Amanus,
1228 3489 1467 3555 Pierius
1487 3539 1506 3576 ,
1548 3490 1833 3578 regiones
1888 3491 2304 3579 Commagene
2341 3491 2465 3556 sive
2507 3493 2687 3581 Syria

658 3607 1098 3697 Euphratensis
1117 3653 1137 3691 ,
1161 3603 1242 3670 ad
1275 3602 1593 3670 Orientem
1614 3605 1842 3671 Ciliciae
1864 3653 1883 3690 ,
1910 3606 2091 3691 cujus
2121 3605 2306 3670 urbes
2330 3604 2640 3674 Samosata
2666 3661 2687 3695 ‚

657 3723 1054 3788 Germanicia
1120 3717 1546 3806 (Germanica
1603 3717 1912 3799 caesarea)
1938 3767 1956 3802 ,
2021 3719 2296 3805 Zeugma
2325 3742 2344 3803 3
2405 3719 2685 3789 Seleucis

660 3836 1077 3921 (Tetrapolis,
1122 3833 1297 3924 Syria
1350 3832 1775 3923 Seleucidica)
1802 3880 1821 3917 ,
1873 3832 2055 3918 cujus
2100 3832 2170 3898 in
2220 3855 2328 3899 ora
2380 3834 2681 3907 Laodicea

653 3948 732 4015 ad
778 3969 949 4013 mare
969 3995 988 4031 ‚
1032 3946 1429 4013 Posidonium
1450 3993 1477 4024 ,
1531 3946 1812 4014 Seleucia
1868 3946 2068 4014 Pieria
2092 3996 2113 4030 ‚
2180 3947 2545 4016 Alexandria
2593 3953 2677 4024 ad

651 4063 848 4127 Issum
865 4110 883 4146 ,
911 4060 986 4126 ad
1009 4057 1305 4125 Orontem
1333 4071 1538 4126 autem
1573 4058 1925 4146 Antiochia,
1942 4061 2129 4150 Syriae
2156 4074 2362 4152 caput,
2385 4062 2679 4152 Daphne,
