3111 4829
1535 385 1785 469 (332)

648 519 979 585 sacrarium
1005 516 1114 605 1),
1139 525 1283 580 sunt
1303 515 1441 580 fana
1461 563 1478 598 ,
1499 539 1535 581 a
1557 521 1786 606 fanus,
1813 541 1980 589 sacer
2000 567 2019 602 ‚
2041 519 2208 583 unde
2239 529 2300 584 et
2331 517 2659 603 profanus,

639 635 867 720 templa
903 630 1013 720 2),
1048 629 1302 694 delubra
1327 626 1604 718 (diluo),
1638 631 1834 715 aedes,
1866 654 2086 697 vocum
2122 631 2569 717 significatione
2598 641 2663 695 et

638 745 882 812 dicandi
925 742 1442 828 consecrandique
1463 743 1588 807 ritu
1611 742 1675 831 3)
1702 746 2040 831 antiquitus
2077 744 2306 808 diversa
2327 793 2345 828 ‚
2384 745 2663 831 quamvis

641 886 674 926 a
707 861 1101 948 scriptoribus
1124 859 1343 944 passim
1366 858 1620 922 confusa
1659 859 1989 942 vocabula3
2020 865 2148 923 'nec
2189 859 2383 923 facilis
2406 857 2668 940 distinc-
2770 891 2789 902 ·

644 977 729 1039 tio
780 975 846 1064 4)
870 1001 887 1060 3
936 976 1054 1038 nisi
1096 971 1259 1060 quod
1303 971 1527 1056 templa
1581 971 1660 1036 ab
1703 971 1939 1038 aedibus
1979 983 2040 1036 et
2081 971 2354 1037 aediculis
2379 1021 2396 1054 ‚
2440 973 2667 1036 seriore

645 1089 863 1174 utique
901 1098 1205 1172 tempore,
1244 1082 1651 1169 amplitudine
1682 1082 2135 1150 discernuntur.
2162 1085 2387 1149 Praeter
2409 1082 2669 1149 aedificia

641 1211 860 1265 autem
888 1201 1016 1265 luci
1059 1221 1349 1286 quoque,
1391 1206 1498 1260 aut
1536 1219 1681 1265 cum
1722 1199 1798 1261 iis
1836 1185 2183 1281 conjuncti,
2225 1208 2334 1262 aut
2367 1197 2624 1283 separati
2655 1245 2674 1279 ,

644 1316 807 1379 inter
848 1316 980 1378 loca
1016 1312 1318 1399 religioni,
1345 1310 1541 1378 dicata
1586 1309 1971 1376 memorandi
2012 1320 2188 1394 sunt3
2232 1331 2349 1374 nec
2388 1311 2595 1374 minus
2632 1333 2671 1374 e

651 1426 979 1491 domestico
1015 1426 1212 1506 ,cultu
1264 1422 1390 1487 huc
1441 1420 1735 1486 trahenda
1782 1424 2037 1486 Laribus
2093 1421 2173 1510 5)
2224 1433 2285 1486 et
2314 1422 2672 1494 ¹Penatibus

650 1538 676 1628 (
688 1546 747 1628 §.
776 1536 1145 1624 314-315.)
1170 1536 1466 1600 destinata
1495 1535 1758 1622 sacaria,
1795 1537 2011 1600 sacella
2036 1534 2128 1599 vel
2154 1535 2427 1599 aediculae
2455 1533 2544 1623 6).

649 1691 656 1702 ·
741 1652 814 1715 In
859 1652 1099 1737 templis
1124 1699 1140 1733 ‚
1189 1669 1454 1735 quorum
1495 1651 1710 1718 Romae
1733 1643 1953 1736 ingens
1975 1649 2147 1734 copia
2167 1697 2183 1726 ‚
2208 1643 2675 1738 distinguuntur

649 1788 825 1847 area,
870 1766 1100 1828 savissae
1132 1761 1237 1850 7),
1283 1763 1654 1827 vestibulum
1679 1813 1695 1847 ‚
1720 1766 2010 1849 'porticus
2057 1762 2421 1853 (prodemus
2445 1810 2462 1845 ,
2507 1763 2675 1848 opis—

647 1876 973 1942 thodomus
994 1874 1060 1964 ),
1107 1887 1167 1940 et
1215 1877 1496 1940 interius
1521 1877 1715 1960 cella,
1763 1877 2040 1940 numinis
2092 1876 2261 1941 sedes
2280 1926 2298 1960 ‚
2346 1898 2487 1941 cum
2538 1875 2677 1960 ejus

648 1990 892 2076 effigie,
937 2001 997 2056 et
1043 2011 1143 2052 ara
1191 1984 1481 2078 (altaria)
1507 1989 1783 2052 libationi
1806 2000 1865 2052 et
1891 1989 2181 2053 suffitioni
2200 2014 2217 2072 ;
2250 1989 2499 2080 adytum
2523 1986 2678 2077 (pe-

646 2101 939 2190 netrale).
984 2103 1055 2165 In
1095 2124 1236 2165 area
1262 2103 1445 2187 vulgo
1469 2101 1675 2186 plures
1697 2123 1816 2172 arae
1837 2149 1854 2184 ,
1884 2103 2251 2189 plerumque
2281 2121 2633 2196 marmoreae
2658 2150 2676 2185 ,

649 2217 996 2299 sacrificiiS,
1028 2215 1239 2279 hostiae
1271 2214 1636 2290 cremandae.
1663 2216 1833 2286 luter
1859 2239 1994 2280 vasa
2020 2239 2185 2282 sacra
2217 2218 2387 2287 focus
2407 2265 2423 2297 ,
2461 2214 2678 2280 thuri—

647 2321 914 2413 bulum,
951 2352 1156 2394 acerra
1181 2377 1198 2411 ‚
1232 2339 1441 2414 guttus
1470 2376 1488 2410 ‚
1514 2312 1750 2412 pate-ra,
1783 2330 1920 2398 lanx
1947 2379 1964 2413 ,
1994 2332 2160 2414 capis
2187 2328 2641 2421 (capeduncula
2659 2376 2679 2413 ,

649 2440 950 2531 capedo),
975 2441 1430 2529 praefericulum
1449 2490 1466 2524 ,
1498 2442 1752 2506 malleus
1778 2441 1878 2531 8),
1907 2445 2136 2511 securis
2157 2493 2175 2528 ,
2203 2446 2485 2531 secespita
2512 2442 2603 2533 9).

721 2604 773 2668 1)
807 2603 882 2651 Cf.
925 2603 1030 2652 Cio.
1063 2620 1122 2666 p.
1162 2602 1289 2652 Mil.
1312 2602 1405 2667 51,
1431 2604 1623 2654 Mart-7
1644 2641 1659 2666 ‚
1685 2604 1751 2671 ΖΞ
1769 2642 1785 2669 ,
1808 2605 1869 2669 5,
1895 2605 2001 2654 Liv.
2024 2605 2088 2653 59
2107 2642 2123 2668 ‚
2149 2605 2180 2653 9
2202 2610 2252 2653 et
2273 2605 2354 2653 15.
2372 2634 2430 2643 —
2454 2606 2508 2671 2)
2532 2607 2683 2655 Tem-

653 2694 794 2758 plum
832 2698 1020 2741 veteres
1051 2691 1439 2757 interpretantur
1458 2730 1474 2758 ,
1513 2694 1646 2743 unde
1668 2695 1720 2742 in
1743 2710 1939 2745 omnem
1976 2699 2166 2757 partem
2201 2694 2357 2745 videri
2381 2695 2652 2759 (temptari
2667 2733 2686 2759 ‚

662 2785 826 2851 tueri)
864 2784 1016 2855 possit
1059 2784 1136 2851 (v.
1176 2785 1307 2834 Fest.
1345 2786 1399 2835 in
1438 2788 1802 2861 contemplari,
1826 2786 1985 2834 Varro
2010 2788 2069 2834 de
2093 2786 2154 2834 L.
2179 2786 2241 2834 L.
2264 2787 2296 2835 6
2314 2822 2329 2847 ‚
2365 2801 2416 2856 p.
2441 2787 2492 2834 2.
2518 2796 2561 2853 l3
2586 2803 2685 2838 neo

657 2873 784 2921 male
819 2873 1047 2936 oongmit
1082 2873 1214 2922 vocis
1236 2890 1352 2922 usus
1389 2875 1441 2923 in
1479 2875 1591 2924 coelt‘
1608 2876 1823 2939 templa,
1860 2875 2150 2939 Parnasia,
2174 2877 2427 2925 Aherusr'a
2462 2876 2680 2943 templa,

595 2938 616 2965 ²
650 2961 707 3010 in
741 2964 984 3026 templum
1023 2979 1200 3027 capere
1239 2960 1320 3031 (§.
1342 2964 1531 3026 mm),
1558 2965 1783 3027 aliisque.
1805 2992 1866 3002 -
1887 2966 1939 3030 3)
1978 2938 2053 3013 Cf.
2084 2965 2253 3015 Beauf.
2286 2982 2336 3015 v.
2361 2966 2410 3016 1.
2441 2982 2493 3031 p.
2517 2965 2682 3015 54.-

650 3053 703 3117 4)
725 3053 800 3100 Cf.
822 3054 1041 3117 Liv.10‚
1066 3054 1160 3119 37,
1185 3055 1320 3109 Serv.
1346 3054 1429 3102 ad.
1457 3055 1581 3105 AEn.
1601 3055 1663 3115 2,
1686 3054 1782 3102 225
1806 3089 1823 3118 ,
1845 3053 2065 3102 Macrob-
2099 3055 2210 3104 Sat.
2238 3054 2299 3119 ὅ,
2317 3054 2369 3104 4.
2386 3083 2446 3091 -
2468 3055 2520 3119 5)
2542 3056 2686 3105 Unde

656 3143 921 3208 lar-arium,
948 3143 1145 3208 Lampr.
1171 3144 1317 3192 Ale-v.
1343 3142 1455 3193 Sev-
1480 3143 1542 3191 29
1561 3151 1611 3191 et
1628 3145 1713 3193 51.
1737 3169 1800 3181 -
1820 3146 1871 3201 6)
1892 3145 1966 3193 Cs.
1988 3145 2090 3199 Cic.
2112 3146 2181 3194 ad
2196 3146 2323 3194 Div-
2345 3145 2437 3208 15,
2462 3144 2521 3206 Ξ,
2542 3145 2681 3197 Suet.

619 3302 620 3305 Ἴ
656 3234 796 3294 Any.
817 3232 868 3281 5.
894 3258 955 3271 —·
976 3232 1029 3297 7)
1054 3233 1133 3280 cf.
1158 3232 1291 3282 Fest.
1324 3232 1376 3280 in
1409 3232 1646 3298 facium,
1668 3236 1795 3284 Gell.
1821 3236 1880 3300 2,
1917 3236 1998 3287 10.
2018 3263 2078 3273 —
2099 3235 2151 3297 8)
2185 3235 2260 3283 Cs.
2306 3235 2446 3284 Ovid.
2469 3234 2598 3285 Met.
2617 3235 2683 3301 9,

655 3320 780 3386 625,
806 3322 941 3372 Suet.
967 3322 1075 3373 Cal.
1094 3321 1178 3371 52.
1204 3349 1262 3359 —
1282 3320 1335 3388 9>
1358 3321 1433 3370 Cf.
1458 3322 1593 3375 Suet.
1616 3323 1739 3375 Tib.
1761 3323 1845 3377 35.

1449 3484 1631 3526 nnus
1679 3483 1881 3526 SACRI.

762 3591 911 3656 331.
959 3592 1009 3655 Ε
1051 3587 1230 3656 sacris
1273 3590 1491 3653 ritibus
1532 3588 1637 3654 hic
1694 3590 2132 3677 conjungimus
2174 3609 2381 3675 preces
2420 3597 2481 3651 et
2519 3599 2680 3661 vota,

665 3703 1180 3768 consecrationem
1205 3752 1222 3787 ‚
1266 3702 1647 3777 devotionem
1673 3752 1690 3786 ‚
1725 3705 2199 3786 execrationem,
2217 3701 2640 3785 juramentum
2658 3751 2677 3787 ‚

650 3816 1070 3882 lustrationem
1098 3866 1116 3902 ,
1162 3816 1476 3882 sacrificia.
1512 3817 1730 3881 Preces
1756 3817 2223 3903 distinguuntur
2246 3812 2599 3878 adoratione
2621 3827 2681 3880 et

657 3931 1094 4014 supplicatione
1121 3928 1411 4022 (supplex
1432 3980 1450 4016 ,
1479 3929 1819 4017 supplicO.)
1854 3932 2029 3995 Illam
2064 3929 2354 3992 inclinato
2388 3939 2680 4015 motoque

660 4062 909 4129 corpore
932 4096 949 4130 ,
1008 4049 1294 4131 porrectis
1345 4067 1535 4111 manu
1585 4045 1839 4127 osculis,
1889 4043 2050 4113 hanc
2101 4042 2267 4109 flexis
2306 4042 2566 4131 genibus
2610 4054 2674 4106 et
