3111 4829
1528 433 1780 519 (204)

642 555 1026 645 'haberentur
1075 572 1182 662 4);
1227 571 1394 637 unde
1444 569 1761 634 tribunitia
1808 580 2066 654 potestas
2109 567 2276 632 haud
2314 567 2504 632 dubie
2529 617 2546 651 ,
2597 578 2671 632 ut

650 696 912 762 maxima
952 714 1090 778 pars
1125 739 1142 774 ,
1192 690 1276 753 sic
1327 687 1708 773 praecipuum
1776 685 2149 770 principatus
2200 683 2666 749 firmamentum

653 809 682 897 (
700 810 780 873 cf.
811 807 870 891 §.
906 807 1056 869 207.
1085 802 1146 891 );
1193 802 1524 889 quominus
1551 800 1854 863 miremur
1879 847 1896 881 ,
1925 797 2003 862 ab
2045 798 2150 862 illa
2184 798 2497 864 Caesarum
2531 799 2668 863 im-

646 922 802 1012 perii
819 942 1010 986 annos
1023 919 1090 982 in
1112 918 1318 981 numis
1340 927 1400 980 et
1422 915 1683 1001 publicis
1698 913 2114 991 monumentis
2124 915 2308 999 vulgo
2324 914 2664 979 numerari.

716 1083 769 1147 1)
792 1081 866 1130 cr.
889 1079 1009 1128 rae.
1028 1081 1170 1129 Am..
1190 1076 1216 1124 1
1240 1112 1257 1141 ,
1283 1075 1339 1141 1,
1363 1039 1499 1125 sust.
1534 1075 1646 1125 eat.
1666 1074 1729 1123 22
1748 1111 1764 1139 ‚
1784 1075 1874 1123 mo
1897 1075 2029 1123 em.
2062 1073 2127 1124 57
2146 1111 2162 1138 ,
2199 1074 2251 1123 s.
2270 1073 2403 1138 -2)
2439 1072 2520 1125 cr,
2547 1074 2668 1122 rao.

651 1177 795 1224 Anu.
815 1172 841 1220 1
863 1208 880 1236 ‚
902 1171 964 1232 2,
983 1169 1016 1217 9
1036 1205 1052 1233 ‚
1070 1167 1160 1215 nio
1178 1167 1313 1215 Cass.
1335 1166 1431 1229 55,
1456 1165 1541 1230 52,
1564 1164 1773 1214 Bach.1.
1796 1164 1848 1213 ὅ.
1866 1180 1914 1213 o.
1940 1164 1990 1213 1.
2011 1161 2061 1230 §-
2081 1164 2133 1213 θ.
2151 1190 2214 1202 -
2232 1163 2283 1223 5)
2302 1163 2366 1212 V.
2385 1164 2504 1213 Tac.
2522 1165 2667 1214 Ann-

652 1264 712 1326 1,
740 1258 1217 1312 2.-cr.1›iocm.
1238 1255 1338 1319 55,
1365 1254 1444 1305 17.
2085 1253 2090 1260 ’

700 1487 705 1492 ᾖ
743 1415 893 1477 222.
942 1407 1329 1495 Imperatoris
1351 1404 1377 1494 (
1397 1401 1782 1492 aere'roxpae'rup)
1814 1425 2041 1469 nomen
2089 1401 2187 1492 1),
2214 1405 2270 1469 J.
2306 1403 2521 1470 Caesari
2556 1400 2671 1466 da·-

649 1538 816 1609 tum‚
842 1524 1122 1611 perpetui
1162 1525 1229 1587 in
1262 1544 1473 1587 omnes
1522 1522 1821 1586 exercitus
1861 1520 2105 1605 imperii
2154 1517 2668 1605 significationem

650 1637 836 1703 habet
867 1635 972 1726 2),
1003 1637 1183 1722 quale
1214 1636 1464 1722 Regum
1503 1646 1565 1698 et
1595 1635 1932 1699 Consulum
1960 1634 2160 1695 fuerat
2185 1681 2200 1714 ‚
2240 1642 2452 1719 utpote
2490 1652 2672 1693 sum-

651 1773 898 1815 morum
937 1749 1208 1831 ducum;
1241 1749 1357 1811 nisi
1388 1746 1553 1832 quod
1584 1748 1886 1811 Caesarum
1918 1745 2250 1830 imperium
2273 1794 2290 1828 ,
2331 1756 2400 1810 ut
2442 1747 2570 1808 fere
2608 1744 2676 1807 in

651 1863 883 1927 caeteris
912 1861 1309 1942 muneribuS‚
1338 1859 1540 1943 majus
1578 1882 1766 1945 quam
1808 1858 2066 1923 durante
2104 1859 2385 1923 libertate
2409 1907 2427 1942 ,
2465 1857 2672 1923 addita

650 1975 790 2038 vitae
825 1985 887 2038 et
916 1974 1084 2039 necis
1115 1975 1182 2036 in
1213 1974 1340 2058 ipsa
1371 1974 1527 2037 urbe
1565 1984 1854 2057 potestate
1876 1959 2017 2057 ,.et,
2062 1974 2227 2060 quod
2255 1971 2335 2038 ad
2369 1972 2671 2059 populum

649 2088 1029 2176 pertinuerat
1060 2087 1160 2178 (§.
1213 2083 1439 2173 170.),
1485 2086 1634 2151 belli
1675 2088 1961 2174 pacisque
1994 2087 2245 2152 arbitrio
2281 2083 2369 2174 3).
2419 2087 2671 2150 Diversa

650 2202 1096 2287 significatione
1150 2201 1537 2286 Imperatoris
1583 2224 1810 2266 nomen
1858 2202 2246 2288 Principibus
2268 2251 2286 2286 ,
2346 2213 2415 2265 ut
2476 2201 2673 2287 prisco

651 2316 908 2381 civitatis
934 2337 1109 2380 more
1137 2314 1397 2379 ducibus
1415 2365 1432 2398 ,
1475 2314 1554 2378 ob
1594 2337 1689 2379 res
1714 2315 1876 2380 bello
1907 2316 2193 2402 praeclare
2223 2327 2418 2402 gestas
2448 2314 2676 2380 decer-

652 2430 952 2514 nebatur3
994 2430 1104 2515 qui
1142 2428 1333 2493 honos
1380 2433 1447 2492 in
1491 2430 1800 2494 Caesarum
1844 2431 2038 2493 titulis
2080 2452 2226 2494 cum
2265 2431 2586 2494 consulatu
2614 2439 2676 2493 et

650 2543 970 2606 tribunitia
1000 2552 1295 2627 potestate
1329 2541 1629 2628 conjungi
1660 2543 1826 2607 solet.
1858 2543 2325 2606 Proconsulatus
2353 2541 2571 2606 iisdem
2605 2542 2672 2605 in

652 2657 940 2720 omnibus
961 2655 1284 2742 provinciis
1305 2655 1605 2739 majorem
1628 2679 1814 2743 quam
1836 2656 2174 2720 Rectorum
2197 2666 2551 2741 potestatem
2581 2651 2671 2741 4),

649 2771 1013 2854 praefectura
1052 2791 1295 2834 morum
1319 2819 1336 2853 ,
1382 2792 1521 2856 quae
1550 2793 1688 2855 pars
1738 2792 2011 2834 censurae
2042 2767 2138 2858 (§.
2182 2765 2367 2855 199.)
2393 2818 2410 2851 ,
2441 2768 2673 2833 civium

653 2880 967 2967 dignitatis
1008 2883 1179 2968 quasi
1230 2881 1554 2946 arbitrium
1605 2882 1948 2965 tribuebat,
2003 2891 2305 2946 senatores
2329 2931 2346 2965 ‚
2395 2857 2630 2968 equites
2658 2928 2677 2964 ,

646 2992 888 3078 judices
917 2994 1100 3057 etiam
1130 2993 1379 3085 legendi
1401 2995 1544 3078 jure
1569 3043 1587 3077 ,
1615 3005 1675 3058 et
1704 2994 1956 3058 omnino
1988 2995 2263 3059 censoria
2291 2992 2676 3058 animadver-

652 3108 820 3171 sione
853 3105 955 3195 5);
986 3105 1253 3192 denique
1282 3106 1669 3192 pontificatus
1696 3108 2006 3172 maximus
2041 3108 2108 3171 in
2140 3108 2324 3172 rebus
2353 3109 2534 3174 sacris
2560 3130 2676 3172 or·-

653 3219 936 3283 dinandis
967 3242 1271 3284 summam
1298 3231 1688 3304 potestatem3
1728 3232 1788 3283 et
1817 3220 1946 3307 ipse
1977 3223 2355 3308 principatus
2385 3245 2512 3285 non
2542 3222 2675 3285 leve

651 3342 929 3396 tutamen
954 3382 972 3417 ,
1004 3344 1139 3396 tum
1162 3380 1179 3415 ,
1210 3331 1376 3419 quod
1403 3333 1783 3417 majestatem
1819 3333 1984 3419 apud
2020 3337 2237 3422 vulgus
2268 3333 2533 3420 augebat
2562 3356 2677 3397 re·-

651 3442 898 3530 ligionis
928 3444 1216 3512 mandata
1264 3466 1448 3527 cura,
1490 3457 1658 3529 tum,
1705 3447 1870 3532 quod
1908 3469 1943 3511 e
1992 3448 2115 3511 suis
2156 3470 2293 3512 eam
2338 3444 2675 3509 rationibus

649 3559 1109 3648 commodisque
1139 3559 1443 3625 moderari
1473 3572 1751 3646 poterant
1785 3558 1887 3650 6);
1919 3561 2088 3626 unde
2122 3563 2278 3625 hanc
2308 3558 2674 3643 dignitatem

652 3678 745 3739 vel
777 3675 963 3761 primi
999 3675 1311 3760 Principes
1339 3673 1655 3739 christiani
1692 3697 1818 3740 non
1848 3686 2224 3741 recusarunt.

741 3789 1007 3853 Honoris
1036 3787 1218 3852 modo
1256 3787 1768 3874 significationem
1797 3788 2026 3854 habent
2054 3786 2304 3852 nomina
2336 3786 2584 3851 Caesaris
2616 3798 2677 3852 et

651 3898 953 3982 Augusti,
1004 3900 1374 3990 (tauquam,
1417 3912 1487 3965 ut
1525 3903 1789 3988 augurio
1831 3911 2177 3966 consecrata
2224 3897 2329 3988 7),
2377 3902 2574 3965 sancti
2615 3913 2678 3965 et

653 4011 1019 4095 venerandi,
1078 4012 1246 4080 unde
1311 4015 1541 4079 Graecis
1594 4011 1828 4088 σιβας-ὅς
1873 4010 1899 4100 )
1926 4062 1943 4096 ,
2005 4013 2162 4077 illud
2239 4014 2562 4101 adoptione
2639 4038 2675 4080 a

657 4126 689 4192 J
698 4172 712 4197 .
740 4122 969 4191 Caesare
993 4124 1079 4213 (5.
1110 4132 1215 4194 91.
1236 4126 1288 4215 ).,
1315 4127 1430 4196 hoc
1452 4143 1694 4200 senatus
1719 4129 1962 4195 decreto
1989 4127 2321 4197 Octaviano
2342 4128 2554 4195 datum
2580 4124 2669 4213 8).
