3111 4829
1346 348 1597 432 (257)

464 480 585 529 Hor.
609 481 719 530 Sat.
746 480 769 529 1
789 515 805 543 ,
823 479 857 529 9
872 516 889 542 ,
914 479 978 529 78
994 515 1013 544 ,
1037 485 1089 528 et
1104 480 1285 529 Juven.
1306 481 1358 544 1,
1379 480 1472 530 128
1491 517 1508 545 ‚
1527 482 1779 544 —sorum
1799 484 2043 548 jurisque
2057 488 2258 548 peritus
2278 484 2481 547 Apollo.

466 596 527 606 —
543 567 597 633 5)
628 568 704 617 Cf.
728 568 880 617 nach.
908 567 981 616 ib.
1004 573 1126 616 sect.
1149 568 1202 618 5.
1224 565 1269 635 §.
1304 569 1352 618 1.
1388 585 1499 633 sqq.
1516 607 1533 633 ‚
1562 570 1708 619 Boin.
1732 570 1881 634 Sym.
1908 572 1931 621 1
1953 609 1969 636 ‚
1993 572 2054 634 2,
2077 572 2162 621 35.
2184 572 2423 620 Mackeld.
2445 572 2485 619 l.

461 671 511 704 ο.
546 669 666 704 vero
701 655 888 718 simile,
908 655 978 704 ait
993 692 1010 719 ,
1038 655 1420 720 disputationem
1441 658 1537 706 sori
1570 674 1675 708 ene
1701 659 1753 708 id
1767 696 1783 722 ‚
1806 660 1943 723 quod
1975 660 2104 709 Galli
2135 665 2315 709 vocant
2341 662 2484 724 plot·-

461 748 634 810 doyer.
665 746 743 794 Ct'.
766 746 972 794 Dii-lesen
1010 745 1265 796 Ver-aucha
1283 763 1337 812 p.
1375 747 1490 797 211.
1517 774 1580 785 --
1600 748 1654 812 6)
1693 749 1797 814 enj.
1821 749 2015 799 Instite-
2048 749 2103 814 1,
2142 748 2194 811 7,
2219 749 2485 813 Responsa

455 836 775 902 prudentum
803 843 929 884 sune
962 839 1222 886 &nuntie
1255 845 1304 886 et
1332 840 1598 902 opiniones
1619 854 1827 901 eorum,
1857 839 2042 901 quibus
2071 841 2376 902 permissum
2413 846 2487 887 est

453 926 585 988 jum
602 926 831 974 condere.
863 925 1099 989 Quorum
1129 930 1360 976 omnium
1392 928 1443 976 u·
1460 930 1518 976 in
1549 943 1718 976 unum
1737 930 1998 976 sententies
2018 934 2363 990 concurrant,
2397 921 2489 989 id,'

463 1016 603 1078 quod
627 1017 703 1064 ita
736 1017 991 1080 sentiunt,
1025 1017 1149 1081 leqis
1177 1020 1280 1066 vim
1312 1017 1533 1077 eminet,-
1554 1020 1605 1066 ei
1625 1033 1740 1066 vero
1757 1018 2092 1081 dissentiunt,
2120 1018 2298 1079 judica·
2327 1017 2443 1065 licet
2467 1053 2484 1075 ‚

464 1116 620 1164 quam
658 1102 803 1166 volit,
841 1105 1142 1166 sententiam
1173 1105 1344 1167 sequi,
1373 1105 1527 1167 idque
1564 1106 1803 1167 rescripto
1826 1103 1958 1151 Ds’os'
1987 1103 2215 1153 Adriani
2228 1104 2489 1166 significo·

466 1196 569 1240 tur.
588 1188 705 1258 —7)
731 1189 981 1242 canok.
1009 1188 1053 1260 §.
1078 1191 1161 1242 47.

971 1378 1215 1425 «lumem
1259 1377 1516 1424 vunnim
1563 1375 1641 1423 ΕΤ
1686 1378 1983 1424 numm.

556 1526 707 1588 263.
755 1523 1014 1586 Justitiae
1048 1521 1574 1585 administratione
1614 1522 2084 1604 complectimur
2106 1521 2487 1602 judiciorum

465 1636 533 1698 in
560 1635 790 1720 privata
820 1645 881 1698 et
919 1631 1171 1719 publica
1203 1631 1564 1697 divisionem
1592 1682 1609 1716 ,
1640 1631 1884 1717 judices
1899 1679 1923 1719 ‚
1959 1633 2097 1719 lege
2124 1633 2349 1719 agendi
2378 1658 2490 1700 ra—

463 1751 696 1815 tionem
734 1750 857 1813 sive
889 1748 1045 1836 legis
1071 1749 1341 1813 actiones
1362 1796 1380 1831 ,
1415 1757 1477 1811 et
1506 1768 1737 1831 poenas.

554 1862 794 1928 Judicia
816 1863 911 1927 vel
933 1862 1010 1927 de
1027 1863 1171 1947 jure
1200 1864 1362 1926 inter
1385 1863 1646 1947 privatos
1673 1871 1836 1944 sunt,
1860 1862 1957 1924 vel
1979 1859 2057 1925 de
2077 1862 2481 1926 criminibus:

466 1977 570 2041 illa
601 1977 862 2062 privata,
889 1975 1022 2041 haec
1043 1976 1290 2063 publica
1312 1976 1477 2061 apud
1496 1977 1811 2040 Romanos
1839 1974 2136 2060 adpellata
2165 1973 2265 2063 l);
2288 1997 2492 2062 neque

466 2102 674 2155 tamen
713 2089 998 2154 omnium
1030 2088 1396 2154 delictorum
1430 2087 1509 2153 ad
1538 2112 1611 2154 ea
1650 2087 1919 2174 cognitio
1952 2090 2330 2174 pertinebat,
2385 2089 2491 2153 sed

468 2225 681 2268 eorum
706 2251 724 2285 ,
765 2224 941 2289 quae,
978 2204 1270 2265 caete'rum
1314 2201 1453 2287 lege
1481 2200 1775 2284 definita,
1811 2201 1908 2264 vel
1956 2201 2310 2286 reipublicae
2335 2250 2353 2286 ‚
2396 2204 2493 2266 vel

466 2313 731 2400 publicas
773 2311 1086 2376 securitati
1122 2323 1229 2376 aut
1269 2312 1540 2376 libertati
1581 2311 1984 2380 vehementer
2029 2313 2358 2378 metuenda
2407 2312 2490 2401 2)

468 2427 832 2491 videbantur
876 2424 977 2514 3).
1017 2425 1248 2492 Caetera
1291 2428 1552 2492 crimina
1587 2427 1842 2512 judiciis
1877 2429 2124 2513 priiatis
2159 2429 2490 2497 adtributa.

552 2538 795 2604 ,Iudicia
821 2540 1068 2624 publica
1110 2538 1205 2630 (§.
1249 2538 1440 2627 196.)
1472 2540 1651 2603 initio
1699 2551 1920 2606 cuncta
1970 2542 2444 2608 extraordinaria
2471 2594 2488 2626 ,

466 2675 664 2743 quum
692 2654 896 2739 Reges
917 2703 934 2737 ,
964 2653 1335 2741 quandoque
1362 2656 1660 2741 populus,
1691 2655 1858 2719 velut
1890 2656 1955 2718 in
1986 2654 2223 2740 judicio
2256 2659 2492 2722 Horatii

468 2768 633 2859 (Liv.
666 2768 730 2851 1,
761 2764 913 2854 26.)
938 2817 955 2851 ,
992 2768 1137 2833 dein
1170 2769 1461 2835 Consules
1482 2818 1500 2853 ,
1530 2792 1672 2834 mox
1709 2771 1972 2865 populus
2009 2771 2176 2835 solus
2211 2783 2320 2835 aut
2349 2774 2494 2838 suf-

468 2884 679 2969 fragiis
702 2932 721 2967 ,
752 2884 950 2969 primo
980 2883 1229 2948 curiatis
1251 2932 1269 2967 ‚
1298 2894 1430 2969 post
1458 2884 1816 2949 centuriatis
1846 2885 2162 2948 tributisve
2191 2886 2453 2948 comitiis
2473 2935 2490 2968 ‚

464 2994 769 3078 judicaret
791 3045 808 3079 ,
845 3005 952 3060 aut
989 2995 1196 3060 electis
1231 3018 1268 3061 a
1303 3018 1365 3059 se
1395 2995 1711 3080 judicibus
1747 3017 1880 3059 rem
1923 2997 2334 3081 permitteret3
2370 3019 2494 3083 quo

471 3109 779 3174 referendi
814 3110 1157 3192 Quaestores
1184 3109 1502 3174 Parricidii
1537 3108 1642 3198 4),
1684 3120 1831 3175 teste
1859 3110 2196 3194 Pomponio
2229 3108 2296 3197 5)
2315 3159 2333 3195 ‚
2357 3110 2492 3194 jam

469 3224 536 3287 in
572 3224 711 3311 lege
740 3225 856 3288 XII
890 3224 1241 3288 tabularum
1270 3235 1679 3288 occurrentes.
1716 3221 1945 3287 Eadem
1982 3223 2238 3285 ineunte
2270 3226 2490 3288 saeculo

470 3338 725 3423 septimo
750 3387 768 3422 ‚
805 3337 1073 3402 nimium
1104 3336 1530 3425 frequentibus
1561 3337 1760 3401 causis
1784 3383 1802 3419 ,
1841 3345 2134 3421 perpetua
2162 3335 2320 3402 facta
2349 3351 2492 3402 sunt

469 3451 871 3542 (quaestiones
899 3448 1276 3538 perpetuae),
1307 3452 1446 3536 lege
1477 3450 1866 3536 singulorum
1897 3447 2234 3513 criminum
2271 3453 2490 3537 cogui-

469 3565 699 3630 tionem
733 3564 812 3629 ad
842 3564 1115 3652 singulos
1144 3565 1539 3651 propriosque
1573 3565 1863 3628 Praetores
1891 3561 2224 3629 deferente.
2257 3564 2488 3649 Populo

471 3689 677 3743 tamen
711 3680 1013 3765 graviores
1044 3689 1207 3743 extra
1237 3676 1521 3743 ordinem
1550 3699 1724 3742 casus
1758 3675 2060 3744 reservati.
2093 3676 2246 3739 Exin
2277 3676 2489 3742 divisio

469 3795 535 3859 in
563 3794 796 3880 judicia
819 3796 1065 3883 publica
1084 3793 1390 3859 ordinaria
1422 3794 1545 3857 sive
1578 3793 1916 3856 Praetorum
1935 3839 1953 3874 ‚
1985 3798 2046 3851 et
2081 3790 2488 3858 extraordina-

469 3909 559 3972 ria
607 3910 728 3973 sive
761 3910 1008 3996 populi,
1046 3931 1173 3974 non
1224 3930 1404 3994 parva
1441 3905 1518 3970 de
1552 3904 1913 3970 discrimine
1950 3906 2353 3971 controversia
2387 3907 2477 3995 6).

468 4019 638 4083 luter
682 4021 1077 4088 memoranda
1120 4020 1332 4109 populi
1378 4016 1618 4105 judicia
1647 4027 1982 4083 occurrunt
2012 4013 2079 4103 7)
2090 4064 2124 4163 ἒ
2132 4016 2256 4162 gub
2294 4018 2488 4105 Regi-
