3111 4829
1254 392 1462 474 (43)

354 533 486 596 aliae
508 579 525 614 ,
558 542 694 625 ²¹.¹m
734 528 973 615 templis
1005 527 1383 612 conjunctae,
1420 535 1711 590 caeterum
1730 526 1979 606 multae,
2015 526 2082 588 in
2124 525 2345 610 quibus

349 644 508 722 Iovis
556 642 870 723 Viminei,
913 639 1187 705 Iunonis
1228 639 1474 703 Lucinae
1498 686 1516 721 ,
1575 638 2038 720 Camoenarum,
2088 638 2344 706 Veneris

346 754 711 820 Lubentinae
734 805 751 839 ‚
789 755 1022 842 Egeriae
1042 802 1061 837 ,
1089 753 1492 819 Mavortianus
1511 799 1530 836 ,
1580 752 1912 820 Vaticanus
1931 782 1957 833 ,·
2006 750 2344 816 Poetilinus.

347 869 764 933 memorantur
805 879 865 932 et
908 887 1062 937 areae
1083 914 1101 949 ,
1145 867 1312 931 velut
1352 876 1492 933 ante
1546 865 1772 950 templa
1813 885 1960 930 cum
1999 886 2101 929 ara
2143 861 2352 929 hostiis

349 974 696 1046 cremandis
736 979 847 1068 (§.
889 975 1125 1066 330.>);
1176 980 1322 1044 alias
1348 1026 1366 1062 ,
1407 1000 1523 1043 nec
1571 1000 1689 1043 usu
1740 978 2009 1043 multum
2051 975 2353 1040 differen-

346 1103 436 1157 tes
459 1090 580 1180 6),
602 1114 747 1158 cum
774 1092 1004 1179 campis
1031 1112 1185 1178 saepe
1206 1093 1484 1157 confusas
1517 1089 1812 1157 crederes.
1855 1090 2023 1154 Inter
2050 1067 2219 1153 areas
2240 1109 2353 1153 oc-

291 1263 294 1267 .
346 1216 604 1270 currunt
626 1204 923 1289 Apollinis
946 1252 965 1288 ,
992 1204 1314 1288 Mercurii,
1346 1204 1652 1280 Vulcani,
1688 1205 1944 1286 Sancta,
1979 1200 2176 1284 Galli,
2212 1221 2355 1266 area

349 1317 416 1383 in
444 1317 666 1402 Campo
686 1317 901 1382 Martio
935 1315 1023 1405 7).

412 1503 474 1568 1)
508 1503 585 1552 Cf.
619 1502 725 1553 Liv.
745 1503 841 1569 41,
861 1502 966 1567 52,
989 1503 1166 1554 Juven.
1190 1504 1255 1568 δ,
1275 1504 1414 1568 270.,
1435 1503 1549 1554 Tib.
1566 1503 1593 1553 1
1613 1539 1631 1566 ,
1649 1502 1716 1567 7,
1739 1482 1883 1552 59.-
1905 1482 1973 1566 9)
1993 1484 2057 1549 V.
2078 1496 2354 1563 champoll.

346 1590 568 1642 Rerum&
581 1592 869 1642 d’AreMol.
905 1608 957 1642 v.
978 1592 1041 1642 1.
1081 1608 1133 1657 p.
1172 1593 1252 1643 10.
1272 1622 1332 1631 -
1351 1592 1407 1657 ὃ)
1426 1592 1502 1641 Cf.
1520 1592 1668 1641 Proc.
1689 1591 1752 1640 do
1769 1589 1834 1639 B.
1862 1589 2008 1639 Goth.
2034 1587 2079 1636 1.
2098 1584 2219 1636 Hor.
2244 1585 2357 1636 Sat.

345 1680 371 1729 1
392 1716 409 1741 ,
441 1678 493 1729 5.
528 1704 590 1717 ——
623 1680 687 1746 4)
721 1680 860 1729 ovid.
884 1680 1026 1731 ΓΜ.
1048 1680 1108 1745 0,
1132 1680 1257 1744 478,
1277 1697 1425 1746 area,
1445 1697 1557 1746 quo
1585 1679 1827 1745 potiendo
1847 1677 1963 1727 bovo
1982 1690 2165 1725 nomen
2190 1673 2356 1723 habet.
2427 1669 2432 1673 “

346 1768 423 1816 Cf.
439 1768 558 1817 Tae.
580 1769 722 1817 Ann-
747 1769 841 1833 12,
862 1768 947 1819 2⁴.
971 1796 1035 1807 —-
1057 1769 1200 1835 5)(Ἇὶ
1220 1769 1340 1818 Hor.
1357 1771 1425 1818 A.
1464 1770 1529 1818 P.
1552 1769 1678 1833 162,
1699 1768 1811 1832 Ep.
1829 1767 1856 1817 1
1872 1802 1889 1832 ,
1911 1765 1987 1831 ’7,
2011 1764 2093 1816 59.
2119 1792 2180 1803 -
2200 1763 2252 1827 6)
2278 1760 2360 1810 Cf.

349 1857 465 1906 lior.
491 1858 591 1907 od.
612 1857 636 1907 1
662 1894 680 1923 ,
704 1856 772 1924 9,
796 1858 950 1908 18.-
970 1856 1025 1925 7)
1049 1858 1125 1908 Cf.
1142 1858 1421 1909 Pitiscusin
1442 1859 1596 1908 Area.

436 2002 540 2063 49.
592 1998 843 2084 Templa
868 1998 1071 2087 (aedes
1089 2046 1107 2080 ,
1136 1998 1395 2063 oedicula
1416 2046 1434 2080 ,
1461 1997 1771 2061 sacellum.
1799 1996 1859 2079 §.
1887 1990 2083 2079 330.)
2118 1991 2360 2077 ingenti

346 2134 623 2178 numeru.
666 2112 835 2177 Inter
870 2112 1264 2177 celebratiora
1299 2109 1617 2175 Panthedn
1663 2106 1992 2196 (omnium
2018 2102 2274 2167 deorum
2295 2099 2321 2188 )
2344 2149 2364 2183 ,

348 2227 649 2310 templum
674 2225 970 2310 Apollinis
998 2224 1293 2304 Palatini,
1322 2220 1658 2305 AEsculapii
1677 2267 1695 2301 ,
1729 2220 1796 2281 in
1818 2218 2018 2280 insula
2044 2215 2364 2296 Tiberina,

357 2316 738 2401 Concordiae'
760 2332 998 2426 (aedes)
1020 2383 1038 2419 ,
1072 2334 1333 2399 Honoris
1356 2344 1418 2397 et
1435 2332 1695 2401 Virtutis
1718 2379 1736 2413 ,
1761 2329 1900 2395 Jani
1926 2376 1943 2412 ‚
1966 2329 2140 2413 plura
2163 2327 2323 2392 Jovis
2343 2374 2367 2410 ,

346 2458 420 2511 ut
441 2446 733 2530 Feretrii,
754 2446 1002 2512 Statoris
1016 2495 1034 2530 ,
1057 2457 1152 2531 et,
1176 2446 1457 2510 omnium
1474 2445 1659 2530 longe
1678 2443 2149 2509 celeberrimum
2163 2490 2180 2525 ,
2203 2441 2367 2506 Jovis

347 2558 588 2645 Optimi
609 2559 856 2625 Maximi
873 2561 969 2625 vel
990 2559 1347 2646 Capitolini,
1372 2558 1767 2645 Capitolium,
1789 2556 2048 2621 sunonis
2068 2556 2350 2639 Lucinae,

348 2672 384 2736 J
386 2674 607 2738 unonis
627 2674 888 2760 Reginae
901 2722 918 2756 ‚
940 2675 1143 2739 Martis
1162 2674 1411 2755 Ultoris,
1433 2672 1638 2738 Martis
1655 2670 1935 2754 Quirini,
1953 2669 2153 2754 Pacis,
2172 2669 2324 2734 Solis
2339 2717 2362 2754 ‚

351 2764 605 2849 Veneris
633 2784 961 2849 Genitrieis
978 2834 995 2867 ,
1022 2787 1251 2858 Vestae„

430 2893 690 2959 Theatra
731 2896 832 2983 (§.
870 2893 1103 2981 350.),
1144 2896 1421 2981 Pompeji
1444 2943 1463 2980 ,
1502 2896 1809 2979 Marcelli,
1848 2895 2043 2961 Balbi.
2086 2896 2362 2982 Amphi-

349 3007 579 3073 theatra
637 3008 768 3098 (ih.
789 3006 815 3097 )
838 3054 857 3091 ,
923 3007 1143 3073 Statilii
1201 3008 1385 3073 Tauri
1409 3057 1428 3092 ,
1488 3009 1838 3094 Vespasiani
1894 3008 2362 3098 (colosseum)
2411 3049 2418 3056 ·

352 3121 509 3187 Circi
555 3122 581 3210 (
600 3123 657 3207 §.
684 3119 882 3209 348.)
922 3122 1103 3185 multi
1123 3169 1141 3204 ,
1179 3122 1526 3186 notissimus
1563 3120 1732 3186 idem
1769 3125 1830 3185 et
1864 3122 2320 3207 antiquissimus
2344 3154 2365 3188 7

355 3234 461 3320 qui
495 3234 788 3299 Maximus
824 3235 919 3298 vel
956 3233 1311 3320 simpliciter
1348 3236 1561 3300 Circus
1595 3245 1845 3300 vocatur
1866 3282 1884 3316 ,
1924 3256 2072 3298 cum
2107 3234 2258 3297 Foro
2302 3245 2367 3297 et

354 3346 577 3432 Campo
596 3346 756 3411 inter
776 3347 911 3410 loca
921 3346 1102 3410 'urbis
1121 3347 1591 3412 celebratissima
1620 3345 1716 3434 1)
1743 3347 1819 3410 In
1841 3346 1975 3411 aliis
1997 3346 2367 3432 Flaminius,

352 3459 637 3545 Agonalia
656 3507 674 3542 ,
694 3457 978 3539 Neronis,
1000 3455 1337 3524 Caracallae.
1365 3456 1758 3524 Naumachiae
1775 3506 1794 3542 ,
1819 3458 2140 3523 certamini
2166 3457 2364 3520 navali

348 3570 581 3637 ludicro
605 3570 702 3660 (§.
730 3575 881 3637 349.
903 3568 930 3658 )
953 3618 970 3654 ,
996 3570 1367 3656 Domitiani,
1392 3573 1678 3657 Neronis,
1701 3572 1857 3637 aliae.
1884 3569 2043 3634 Ludi
2081 3549 2347 3659 (palees-
2461 3647 2464 3648 f

350 3694 451 3749 trae
470 3734 488 3770 ,
516 3682 912 3774 gymnasia),
936 3706 1247 3751 armorum
1270 3733 1288 3768 ,
1324 3685 1543 3771 luctae,
1575 3707 1819 3765 cursus,
1847 3682 2082 3747 balneis
2117 3679 2301 3744 etiam
2324 3729 2343 3764 ,

354 3807 411 3860 et
432 3798 680 3884 p‘rivatis
710 3797 862 3863 adeo
900 3797 1136 3864 aedibus
1176 3796 1388 3863 additi.
1424 3798 1602 3885 Xysti
1623 3845 1641 3880 ,
1685 3795 1978 3860 arborum
2001 3795 2095 3858 vel
2114 3794 2368 3859 colum-

353 3931 570 3976 narum
592 3959 610 3996 ,
637 3911 862 3997 pariter
882 3914 1042 3977 inter
1061 3911 1424 3978 balneorum
1448 3920 1667 3996 partes.
1694 3906 1912 3989 Odaea,
1943 3899 2322 3973 musicorum
2344 3955 2362 3991 ,

357 4035 671 4106 poetarum
697 4071 716 4107 ,
748 4027 1117 4111 certamini,
1146 4023 1624 4092 recitationibus·
2247 4025 2248 4030 ’
