3111 4829
1332 404 1587 488 (325)

465 541 820 629 reipublicae
846 560 1064 606 eorum
1107 534 1401 604 divinitus
1444 538 1707 603 revelata
1745 546 1809 601 et
1843 546 2182 622 praecepta3
2221 535 2389 602 unde
2428 538 2497 602 in

471 654 731 742 graviori
775 663 883 719 aut
925 663 1097 717 metu
1141 663 1248 716 aut
1285 651 1641 717 discrimine
1676 650 1935 716 civitatis
1977 643 2498 735 vulgo'consule-

464 769 709 832 bantur.
740 769 832 832 De
856 788 980 853 quo
1022 765 1421 852 sapientiores
1446 763 1730 831 homines
1773 761 1927 853 quid
1969 763 2301 847 senserint,
2337 786 2371 827 e
2394 764 2500 832 ci*

464 900 687 945 cerone
723 880 918 948 discas
941 878 1030 969 3).

562 992 848 1060 Custodia
883 992 1183 1061 librorum
1221 994 1399 1058 initio
1421 993 1587 1059 binis
1619 990 1687 1082 4)
1730 989 1876 1057 'viris
1910 989 2195 1060 mandata
2214 1038 2233 1074 ,
2259 1011 2316 1055 a.
2343 988 2493 1056 387.

466 1104 544 1170 ad
584 1105 837 1191 decem,
881 1117 1181 1191 postremo
1225 1107 1303 1172 ad
1349 1106 1707 1196 quindecim
1760 1106 1976 1172 auctis.
2017 1104 2217 1170 Iidem
2254 1101 2498 1168 oracula

468 1219 802 1305 s1bynina‚
833 1218 939 1285 sed
982 1221 1231 1285 nonnisi
1273 1231 1488 1286 senatu
1528 1221 1830 1305 jubente,
1871 1216 2377 1303 interrogabant,
2420 1214 2498 1280 de

467 1354 590 1418 quo
618 1333 866 1397 solenne
897 1331 1097 1415 adire,
1123 1333 1451 1420 inspicere,
1482 1344 1543 1396 et
1574 1333 1640 1399 in
1662 1332 1737 1395 iis
1766 1332 2116 1417 praescripta
2137 1329 2214 1396 ad
2240 1330 2497 1394 salutem

468 1447 822 1532 reipublicae
843 1494 861 1530 ,
891 1447 1183 1514 sacrificia
1213 1450 1580 1535 plerumque
1624 1458 1685 1513 et
1722 1444 2191 1531 supplicationes
2213 1493 2230 1528 ,
2264 1454 2333 1508 ut
2380 1443 2497 1507 rite

468 1558 707 1643 fierent,
732 1559 1029 1626 curabant
1045 1557 1134 1648 5),
1151 1560 1231 1626 ab
1248 1559 1367 1626 hoc
1387 1583 1646 1628 munere
1668 1571 1732 1625 et
1751 1581 2009 1625 numero
2032 1581 2140 1623 suo
2164 1556 2494 1622 decemviri

468 1682 576 1736 aut
599 1670 1106 1759 quindecimviri,
1129 1674 1225 1737 vel
1248 1673 1625 1760 simpliciter,
1645 1675 1743 1739 vel
1766 1672 1971 1738 addito
1994 1676 2214 1738 sacri-r
2234 1674 2498 1761 faciun-

473 1784 579 1849 dis
600 1783 885 1871 adpellati
908 1784 998 1877 6).
1023 1786 1184 1856 Dicti
1218 1810 1470 1876 quoque
1491 1788 1793 1874 Apollinis
1821 1786 2158 1853 sacerdotes
2177 1834 2195 1870 ,
2228 1785 2296 1850 in
2318 1784 2498 1870 cujus

414 1939 418 1943 ·
469 1919 542 1963 ac
582 1898 792 1964 Dianae
829 1897 1128 1978 honorem
1157 1899 1322 1966 ludis
1357 1901 2164 1998 anniversariisuproeerant,
2192 1899 2383 1971 iidem
2428 1899 2497 1971 in

475 2011 636 2077 ludis
667 2014 1062 2104 saecularibus
1099 2016 1727 2110 praecipparn'curam
1754 2015 2046 2085 habentes
2073 2011 2164 2102 7).

562 2126 728 2190 Libri
753 2126 1072 2217 Sibyllini,
1097 2128 1164 2195 in
1187 2149 1326 2193 arca
1352 2126 1591 2212 lapidea
1617 2127 1731 2192 sub
1753 2127 1915 2197 Jovis
1939 2127 2164 2212 templo
2186 2126 2494 2211 custoditi,

475 2261 672 2327 quum
701 2240 999 2326 flagrante
1034 2239 1329 2327 Capitolio
1370 2239 1691 2327 periissent
1715 2237 1807 2330 (a.
1853 2235 2083 2327 670.)‚
2114 2261 2269 2303 nova
2308 2240 2497 2304 volu-

474 2354 685 2440 mina,
730 2354 999 2421 collectis
1060 2352 1334 2442 undique
1396 2353 1770 2445 Sibyllarum
1818 2332 2078 2419 oraculis
2102 2399 2120 2435 ,
2167 2352 2498 2439 composita

471 2479 654 2552 sunt,
689 2467 976 2554 genuinis
1016 2466 1301 2555 falsisque
1334 2466 1552 2549 mixta,
1590 2465 1669 2535 ob
1707 2488 1968 2552 eamque
2008 2490 2141 2533 rem
2177 2467 2496 2554 aliquoties

467 2582 756 2669 castigata
781 2579 879 2671 8).
905 2583 955 2648 E
978 2580 1235 2668 quibus,
1272 2580 1386 2650 sub
1409 2579 1681 2649 Honorio
1712 2603 1749 2645 a
1769 2580 2059 2650 stilicone
2085 2581 2367 2649 crematis
2385 2579 2453 2671 9)
2478 2630 2499 2666 ,

470 2696 813 2783 fragmenta
839 2694 1122 2782 quaedam
1162 2705 1489 2784 supersunt
1542 2690 1684 2785 10),
1713 2716 1838 2758 non
1882 2693 2315 2759 confundenda
2349 2714 2498 2759 cum

469 2809 576 2893 iis,
600 2830 738 2896 quae
762 2808 954 2873 multa
977 2830 1012 2872 a
1045 2806 1407 2875 Christianis
1432 2806 1692 2872 conficta
1715 2854 1734 2891 ,
1761 2807 1929 2873 velut
1958 2806 2027 2871 in
2047 2806 2347 2899 Lactantii
2371 2806 2501 2877 In*

468 2928 630 2994 stite.
662 2924 816 2991 Diu.
836 2970 862 3000 ,
894 2935 1232 2991 occurrunt
1264 2921 1395 3012 11).

542 3038 781 3101 Praeter
815 3037 1111 3103 hactenus
1149 3049 1472 3123 enarrata,
1510 3039 1686 3127 queis
1719 3038 1841 3109 {ata
1870 3036 2251 3125 deorumque
2279 3038 2503 3104 volun-

470 3160 657 3215 tatem
708 3149 1098 3235 explorabant
1152 3151 1464 3236 Romani,
1523 3149 1937 3217 memorandae
2000 3151 2259 3217 veniunt
2318 3161 2504 3221 sortes

472 3283 657 3328 sacrae
679 3312 695 3345 ,
732 3261 922 3349 signis
956 3262 1328 3349 quibusdam
1361 3263 1671 3351 inscriplae
1709 3265 1946 3331 tabellae
1968 3314 1986 3349 ,
2026 3276 2088 3329 ct
2123 3265 2189 3332 in
2222 3267 2505 3336 Fortunae

472 3376 756 3462 templis,
801 3386 871 3439 ut
923 3386 1110 3441 sortes
1155 3377 1543 3442 Praenestinoe
1590 3390 1652 3444 et
1699 3380 2061 3461 Antiatinae,
2104 3389 2398 3460 servatae,
2442 3387 2506 3442 et

441 3487 720 3583 ‘publice
766 3489 1096 3571 consullae,
1143 3490 1260 3554 nec
1299 3490 1466 3575 apud
1505 3492 1654 3577 alias
1696 3503 1908 3579 gentes
1948 3492 2231 3557 inusitata
2274 3512 2493 3576 super-

474 3604 632 3668 stilio
663 3599 791 3692 12).
814 3603 907 3668 De
933 3601 1357 3670 Romanorum
1382 3606 1643 3671 sortibus
1667 3606 1923 3693 insignis
1941 3617 2029 3675 est
2052 3607 2221 3677 locus
2247 3605 2506 3676 Cicero-.-

473 3718 572 3783 nis
622 3715 758 3807 13).

542 3853 600 3910 1)
626 3852 688 3902 V.
713 3853 913 3922 Dionys.
938 3856 1048 3907 nal.
1074 3856 1136 3921 4,
1161 3857 1256 3922 (32,
1281 3857 1409 3906 Gell.
1433 3857 1492 3922 1,
1517 3856 1601 3906 19.
1626 3857 1691 3906 V.
1715 3857 1889 3913 Crem..
1911 3856 2137 3921 Symbol.
2154 3874 2204 3907 v.
2231 3856 2279 3907 1.
2303 3873 2356 3923 p.
2382 3856 2510 3919 191,

475 3942 690 4007 Golbery
709 3979 724 4006 ,
762 3945 823 3993 ad
856 3946 968 3995 Tib.
998 3948 1058 4011 2,
1083 3948 1144 4012 5,
1187 3949 1277 4010 19,
1304 3965 1496 3997 excurs.
1535 3948 1598 3997 de
1621 3948 1845 4014 sibyllis,
1867 3947 2007 3997 Voss.
2031 3949 2093 3997 ad
2131 3948 2269 4013 virg.
2295 3948 2416 3999 Ect.
2442 3947 2473 3998 4
2492 3982 2509 4009 ,

474 4030 584 4081 4-7.
605 4032 736 4097 -2)
753 4034 830 4084 Cf.
853 4036 965 4085 Tib.
989 4038 1023 4086 2
1040 4075 1057 4102 ,
1081 4037 1144 4102 5,
1168 4038 1251 4088 67.
1274 4067 1333 4077 —
1361 4038 1413 4100 ὅ)
1437 4039 1500 4089 V.
1540 4042 1603 4090 de
1625 4040 1812 4091 Dicin.
1836 4040 1899 4105 2,
1933 4039 2016 4090 54.
2037 4067 2101 4079 —
2123 4038 2178 4101 4)
2211 4039 2286 4088 Cf.
2309 4039 2415 4087 Liv.
2440 4037 2472 4085 5
2493 4075 2510 4103 ,

476 4125 539 4175 13
559 4163 574 4192 ‚
601 4126 799 4193 Dionys·
823 4126 861 4175 l·
885 4128 1091 4198 c.—5)
1120 4130 1195 4181 Cf.
1216 4131 1322 4183 Liv.
1342 4130 1531 4200 5,125,
1554 4130 1621 4201 7,
1653 4130 1754 4197 27,
1782 4130 1845 4182 10
1867 4167 1883 4197 ,
1919 4129 2054 4180 7.-
2076 4126 2512 4196 62Geu.1,12‚
