3111 4829
1290 392 1316 470 (
1360 389 1546 470 121.)

411 522 571 584 buhr,
595 522 693 570 vol.
713 521 763 570 1.
782 535 894 585 pag.
910 520 1006 570 264
1025 555 1041 582 ,
1063 520 1255 569 Livium
1277 533 1463 569 errasse
1484 518 1790 583 suspicatur,
1807 522 1987 584 prater
2009 520 2257 570 centurias
2270 557 2285 585 ‚
2309 536 2434 583 quas

414 626 553 658 senas
571 646 587 674 ,
606 609 690 658 sed
706 614 1042 658 trecentorum
1060 624 1309 672 quamque
1329 607 1543 656 militum
1563 644 1578 670 ,
1603 607 1900 671 Tarquinius
1921 609 2117 658 Priscus
2138 610 2435 674 reliquerat,

417 700 536 747 alias
569 698 833 747 duodecim
867 697 1114 747 centurias
1147 697 1431 760 tingentem.
1467 696 1617 744 Nobis
1648 696 1798 745 liceat
1818 697 2063 748 dubitare.
2087 699 2328 750 Caeterum
2348 738 2363 764 ,
2395 701 2437 748 si

418 793 554 837 recte
572 787 657 836 hie
678 785 844 835 Livius
860 823 877 849 ‚
905 786 1110 834 idoneus
1128 784 1259 834 idem
1275 790 1448 834 auctor
1474 785 1571 833 erit
1585 784 1710 850 illis,
1733 785 1822 849 qui
1843 785 2022 851 duplex
2045 787 2443 852 equitnmgenus

421 878 694 941 antiquitus
711 878 815 942 jam
836 877 984 926 fuisse
999 876 1278 925 existimant
1295 912 1311 939 ‚
1330 877 1395 924 ab
1410 876 1568 925 altero
1583 881 1861 940 equestrem
1879 876 2105 925 ordinem
2125 877 2443 927 deducentes.

424 966 499 1012 Cf.
535 964 638 1012 Cic.
675 965 736 1012 de
764 963 985 1027 Republ.
1019 963 1084 1027 2,
1116 963 1182 1012 20
1203 968 1254 1012 et
1274 963 1516 1025 22.-6)
1542 962 1605 1010 V.
1634 961 1740 1010 Liv.
1763 961 1821 1025 1,
1855 961 2052 1027 455012
2085 963 2145 1026 5,
2171 961 2235 1028 7,
2274 964 2404 1014 etio
2427 1003 2441 1029 ,

428 1053 509 1102 16.
528 1081 584 1089 -
600 1052 663 1115 7)
688 1052 763 1099 Cs.
785 1052 889 1099 Cic.
909 1053 969 1100 ds
990 1051 1121 1115 Καρ.
1147 1051 1208 1115 2,
1232 1051 1327 1115 20,
1346 1051 1521 1115 Polyb.
1546 1049 1609 1114 6,
1646 1050 1727 1100 18.

524 1198 670 1259 136.
722 1194 825 1271 Sic
870 1193 948 1257 ab
990 1193 1205 1256 Romae
1234 1191 1425 1254 initiis
1459 1191 1690 1259 civium
1728 1192 1980 1259 classem
2021 1192 2143 1257 sive
2172 1194 2451 1258 ordinem

416 1307 729 1397 ‘habemus
757 1328 915 1392 equo
941 1305 1306 1369 militantem
1331 1353 1348 1385 ‚
1392 1326 1653 1390 eamque
1682 1325 1828 1368 cum
1851 1304 2004 1369 urbe
2030 1355 2047 1387 ,
2091 1307 2141 1370 si
2180 1329 2303 1371 non
2351 1331 2458 1393 per

438 1420 858 1509 generationes
878 1466 896 1501 ,
940 1418 1110 1482 novis
1145 1428 1311 1482 certe
1340 1416 1588 1481 familiis
1619 1415 1880 1482 subinde
1903 1417 2152 1482 adiectis
2172 1432 2456 1504 auctam,

438 1545 729 1600 caeterum
762 1555 797 1596 e
824 1530 1092 1617 patriciis
1113 1539 1174 1594 et
1195 1528 1451 1613 plebejis
1480 1529 1730 1593 mixtam
1748 1578 1766 1613 ,
1804 1540 1866 1594 et
1893 1551 2081 1595 censu
2098 1581 2114 1614 ,
2136 1555 2459 1619 nunquam

437 1668 563 1711 non
590 1694 607 1728 ,
656 1645 912 1730 opinor,
958 1641 1271 1729 equitibus
1308 1642 1633 1706 constituto
1680 1640 1753 1728 1)
1798 1641 2119 1708 ditioribus
2157 1644 2466 1711 adnume-

438 1758 695 1825 randam
715 1807 733 1842 ,
770 1780 972 1844 neque
991 1757 1071 1820 ob
1099 1757 1283 1821 aliam
1300 1805 1318 1839 ,
1349 1766 1420 1820 ut
1448 1778 1593 1821 sane
1613 1767 1900 1841 putamus
1924 1806 1941 1840 ‚
1970 1779 2217 1823 causam
2238 1760 2466 1823 summi

440 1896 658 1938 census
689 1871 982 1936 centuriis
1013 1868 1113 1959 (ς.
1146 1869 1333 1950 144.)
1371 1869 1697 1954 adjectam.
1741 1869 1862 1934 Sed
1888 1870 2148 1936 eandem
2179 1874 2428 1939 classem
2449 1923 2465 1955 ,

443 1986 586 2050 licet
615 1985 874 2050 fortunis
896 1994 957 2049 et
983 1983 1279 2069 equestris
1300 1983 1537 2049 militiae
1563 1981 1827 2066 honore,
1857 1985 1926 2047 in
1948 1986 2157 2050 multis
2182 1989 2469 2073 gentibus

444 2119 552 2183 per
601 2098 821 2163 saecula
872 2105 1200 2180 propagato
1254 2091 1367 2180 2),
1410 2095 1722 2175 emineat,
1766 2096 1940 2158 nullo
1968 2096 2113 2178 jure
2157 2098 2466 2163 fruentem

446 2211 723 2276 videmus
744 2257 761 2291 ,
801 2229 924 2296 quo
964 2218 1253 2292 potestate
1283 2207 1445 2271 inter
1467 2219 1746 2272 senatum
1769 2210 2192 2297 populumque
2231 2212 2431 2277 media
2455 2263 2471 2295 ,

446 2336 555 2391 aut
576 2325 740 2389 civili
769 2321 1120 2386 conditione
1157 2344 1192 2386 a
1224 2319 1401 2404 plebe
1425 2319 1659 2387 diversa
1681 2319 1922 2385 dicatur
1944 2370 1962 2402 ,
2010 2323 2126 2386 nisi
2168 2324 2232 2390 id
2269 2326 2472 2409 ipsum

446 2437 528 2503 ad
548 2435 915 2501 conditionis
943 2433 1351 2500 diversitatem
1373 2431 1720 2517 trahamus,
1743 2434 1908 2521 quod
1931 2457 2089 2521 equo
2104 2485 2122 2519 ‚
2147 2460 2287 2504 *non
2313 2439 2476 2502 inter

449 2550 684 2638 pedites
704 2547 1005 2613 militabat
1041 2552 1079 2611 3
1099 2543 1154 2633 ).
1187 2545 1269 2608 At
1288 2547 1472 2631 longe
1492 2546 1612 2610 alia
1635 2546 1787 2610 ratio
1810 2593 1827 2629 ,
1860 2560 2178 2636 postquam
2208 2562 2350 2616 nota
2372 2552 2478 2618 illa

448 2664 759 2752 Equestris
798 2660 1048 2725 Ordinis
1075 2659 1392 2745 privilegia
1420 2681 1492 2722 eo
1529 2659 1549 2721 i
1557 2681 1660 2743 pso
1692 2671 1964 2745 tempore
1989 2663 2225 2748 equites
2246 2687 2475 2729 conse—

453 2779 583 2846 cuti
620 2787 763 2841 sunt
787 2824 805 2859 ,
838 2795 1035 2861 quum
1063 2794 1289 2858 genere
1306 2771 1440 2855 jam
1463 2772 1663 2857 magis
1681 2822 1699 2856 ,
1732 2796 1920 2859 quam
1957 2776 2276 2842 militando
2308 2781 2484 2863 pris—

455 2914 602 2958 cum
647 2910 875 2954 nomen
919 2886 1349 2966 retinuerunt,
1403 2885 1633 2971 quippe
1692 2898 1925 2951 mutato
1950 2939 1967 2971 ‚
2029 2901 2136 2954 aut
2199 2894 2482 2978 neglecto

461 3007 734 3071 instituto
755 3051 774 3086 ,
827 3023 949 3089 quo
999 3022 1070 3064 ex
1124 2998 1199 3062 iis
1250 2998 1389 3063 solis
1431 2998 1752 3082 legionum
1795 3001 2105 3085 equitatus
2155 3004 2482 3088 legeretur.

464 3122 835 3206 Quanquam
887 3127 1023 3180 tum
1081 3134 1328 3200 quoque
1380 3113 1606 3182 multos
1655 3135 1814 3198 equo
1866 3114 2113 3197 publico
2165 3118 2486 3202 militasse,

472 3233 760 3318 exemplis
780 3230 1098 3315 colligeres
1115 3275 1133 3309 ,
1162 3246 1289 3290 non
1310 3234 1515 3288 tamen
1530 3273 1549 3307 ‚
1576 3225 1793 3309 opinor
1813 3272 1830 3306 ,
1855 3237 2090 3291 coactos
2115 3226 2211 3314 4).

537 3420 597 3484 1)
619 3419 693 3468 es,
717 3419 888 3466 creua.
911 3412 954 3482 §.
972 3411 1056 3461 88.
1077 3441 1137 3449 —
1154 3410 1218 3475 2)
1245 3411 1321 3458 Cf.
1345 3410 1468 3474 Nep.
1492 3409 1545 3458 in
1563 3413 1671 3460 Act.
1692 3427 1742 3458 c.
1767 3410 1814 3459 1.
1835 3439 1896 3448 ——
1921 3410 1984 3475 ὅ)
2015 3412 2153 3461 Inter
2170 3418 2458 3466 vetustiores
2474 3457 2488 3480 ‚

471 3513 525 3560 fn
541 3511 637 3559 hoe
655 3511 942 3572 argumento
971 3504 1208 3568 pleraque
1223 3500 1581 3550 confundentes
1595 3537 1611 3561 ‚
1628 3507 1679 3548 et
1696 3505 1876 3548 nostrae
1896 3502 2051 3549 oetatis
2066 3503 2352 3552 criticorum
2373 3507 2488 3554 sub-

471 3569 696 3650 fllitassm
731 3595 942 3645 mediam
975 3593 1115 3656 quasi
1147 3592 1276 3639 viam
1305 3589 1527 3652 tenenti,
1567 3605 1679 3653 quae
1712 3590 1796 3637 hic
1819 3588 2044 3639 universe
2067 3592 2316 3654 posuimus
2335 3632 2349 3656 ,
2377 3597 2492 3644 satis

477 3698 609 3740 recte
642 3689 774 3737 dicta
810 3685 964 3735 videri
995 3682 1200 3748 possint.
1239 3679 1332 3728 Sed
1362 3684 1464 3728 tota
1500 3678 1563 3726 de
1598 3678 1849 3741 equitibus
1878 3680 2092 3727 romanis
2114 3683 2319 3742 quaestio
2340 3687 2493 3734 multa

478 3779 725 3841 hodieque
766 3774 1063 3824 obscuritate
1107 3768 1395 3818 involvitur.
1439 3768 1578 3815 Inter
1620 3766 1978 3815 recentissimos
1998 3804 2012 3830 ‚
2062 3770 2200 3830 queis
2249 3788 2372 3821 nova
2409 3776 2492 3822 bie

482 3870 743 3932 placuere,
778 3863 1017 3913 Niebuhr.
1054 3860 1133 3908 ef.
1170 3859 1340 3907 Creuz.
1370 3854 1415 3925 ξ.
1447 3855 1529 3904 87.
1561 3871 1671 3918 sqq.
1697 3883 1757 3892 --
1782 3855 1847 3919 4)
1893 3855 1967 3902 Cs.
2011 3857 2177 3906 Beaus.
2211 3876 2260 3910 v.
2301 3863 2347 3910 1.
2382 3880 2495 3927 pag.

483 3956 580 4007 148
603 3961 654 4003 et
676 3953 787 4003 153.

502 4059 507 4064 ’
584 4049 727 4112 137.
782 4045 917 4130 Ipsa
964 4064 1141 4128 porro
1184 4037 1497 4126 privilegia
1529 4035 1790 4100 fortunis
1830 4036 1952 4099 suis
1983 4048 2042 4101 ct
2069 4036 2350 4124 dignitati
2374 4042 2496 4110 de-

1172 4143 1179 4148 ”
2080 4150 2157 4212 10
