3111 4829
1499 400 1526 485 ‹
1565 399 1687 461 ³⁹0
1726 400 1754 493 ›

596 531 824 596 debant
853 530 943 621 1),
974 546 1266 600 manente
1292 547 1497 601 tamen
1535 545 1597 599 et
1620 535 1834 620 capitis
1862 535 2133 622 quodam
2155 583 2174 618 ‚
2212 546 2284 600 ut
2309 557 2456 601 sane
2487 557 2630 601 cre-

597 643 848 730 derem,
888 647 1116 734 tributo
1144 647 1169 738 (
1185 650 1264 714 cf.
1291 649 1352 732 §.
1391 644 1581 735 145.)
1608 650 1695 713 Ex
1717 670 1909 713 censu
1946 649 2190 735 gravius
2221 649 2500 714 'leviusve
2523 673 2636 736 pro

602 758 955 843 reipublicae
995 764 1347 828 necessitate
1371 811 1388 846 ,
1427 785 1552 849 qua
1584 762 1899 850 flagitante
1937 764 2122 829 etiam
2165 762 2244 828 ad
2289 763 2640 828 extraordi-
2713 831 2720 838 ,

602 873 774 937 naria
798 921 816 957 ‚
843 876 1242 941 temerarium
1274 875 1366 964 2),
1405 876 1856 942 recurrebatur.
1891 877 2031 942 Pari
2053 875 2235 942 modo
2265 888 2470 962 postea
2492 877 2642 942 socii

604 999 667 1051 et
712 990 1108 1072 provinciales
1137 1038 1156 1073 ‚
1204 991 1294 1054 illi
1347 1013 1418 1056 ex
1467 990 1716 1056 foederis
1760 990 2154 1072 conditione,
2199 988 2271 1052 bi
2328 990 2529 1075 magis
2569 1013 2644 1055 ex

605 1101 912 1167 victorum
956 1102 1206 1167 arbitrio
1259 1100 1355 1194 (§.
1407 1099 1602 1191 243.)
1646 1104 1949 1167 tributum
1976 1151 1993 1186 ,
2023 1101 2192 1167 unde
2234 1101 2544 1167 tributarii
2583 1113 2648 1166 et

610 1216 990 1302 stipendiarii
1018 1218 1342 1302 dicuntur,
1385 1219 1611 1307 populo
1656 1220 1938 1285 Romano
1966 1218 2093 1281 sive
2131 1215 2377 1303 capitis,
2412 1217 2535 1280 sive
2566 1237 2650 1280 ex

609 1351 801 1395 censu
825 1379 844 1414 ‚
888 1333 1012 1398 sive
1034 1380 1051 1415 ,
1101 1334 1154 1395 si
1194 1333 1304 1417 qui
1350 1333 1559 1415 suere,
1605 1344 1943 1417 utrumque
1987 1330 2341 1416 pendebant
2397 1325 2487 1415 3).
2516 1327 2664 1408 Sed,

616 1444 853 1510 civibus
885 1446 992 1510 illa
1027 1445 1257 1510 tributa
1282 1456 1412 1531 post
1441 1446 1751 1510 subactam
1782 1441 2208 1509 Macedoniam
2234 1440 2318 1532 (a.
2353 1437 2540 1527 586.)
2563 1440 2644 1506 ad

607 1558 791 1630 Hirtii
822 1570 884 1623 et
921 1559 1133 1624 Pansae
1159 1560 1545 1624 consulatum
1574 1556 1913 1624 condonata
1943 1552 2034 1644 4).
2196 1546 2200 1550 “

677 1722 730 1775 1)
762 1720 1748 1787 V-Hegew.p.49.-2)Cs.14iv.26,
1785 1719 2197 1783 actaeae-t.
2240 1720 2295 1769 in
2324 1719 2650 1770 nnuma.
2699 1701 2712 1716 ’

611 1810 980 1875 -s)cr.1.1v.
1014 1810 1114 1876 45,
1156 1808 1250 1876 29,
1293 1811 1581 1877 mames,
1623 1810 1723 1875 eo,
1760 1809 1831 1876 ⁴,
1867 1810 1971 1875 σε,
2010 1810 2132 1861 τω.
2164 1810 2310 1861 An».
2347 1808 2444 1873 1³,
2479 1809 2645 1860 ειν.

615 1899 817 1962 Hegew.
839 1915 894 1964 p.
917 1901 1002 1951 66.
1020 1929 1082 1939 -
1102 1900 1158 1967 4)
1182 1901 1246 1950 V.
1271 1900 1378 1950 Cio.
1400 1902 1463 1951 de
1488 1900 1592 1965 Off.
1612 1900 1673 1964 2,
1695 1899 1780 1948 22.
2493 1933 2496 1936 -

705 2043 859 2105 390.
905 2038 1035 2104 Illis
1059 2040 1387 2126 ampliores
1428 2039 1626 2104 multo
1656 2049 1830 2104 erant
1854 2037 2089 2103 reditus
2113 2036 2508 2124 vectigalium
2532 2059 2653 2101 no-

616 2152 789 2216 mine
813 2150 1236 2239 comprehensi
1251 2201 1270 2236 ‚
1295 2151 1487 2240 quod,
1520 2153 1570 2217 si
1595 2154 1808 2239 utique
1830 2176 1866 2217 a
1888 2152 2168 2218 vehendo
2204 2151 2604 2218 derivandum
2626 2200 2647 2234 ‚

616 2266 819 2352 primo
845 2266 923 2331 ad
945 2289 1180 2331 merces
1199 2277 1440 2332 tantum
1463 2267 1826 2354 pertinuisse
1846 2267 2168 2352 conjicias;
2191 2280 2483 2333 eoeterum
2509 2288 2643 2331 om·

616 2379 770 2444 nino
798 2378 876 2444 de
913 2380 1176 2465 publicis
1212 2380 1507 2445 reditibus
1529 2430 1546 2465 ‚
1567 2402 1641 2446 τε
1652 2403 1716 2446 ro
1738 2392 1942 2448 tamen
1968 2392 2031 2447 et
2057 2383 2265 2446 minus
2291 2379 2547 2469 proprie
2571 2377 2650 2444 de

621 2514 812 2557 censu
852 2503 961 2557 aut
985 2493 1202 2579 capitis
1241 2493 1470 2558 tributo
1511 2505 1865 2581 usurpatur.
1890 2494 2096 2564 Verba
2140 2495 2218 2560 de
2258 2517 2328 2559 re
2371 2494 2651 2559 solennia

621 2606 932 2691 vectigalis
965 2654 983 2690 ,
1039 2606 1300 2692 vectigal
1360 2606 1680 2697 imponere
1704 2655 1723 2692 ,
1784 2607 2055 2673 vendere
2080 2656 2099 2690 ‚
2161 2609 2370 2672 locare
2391 2656 2410 2691 ‚
2475 2606 2648 2672 redi·-

620 2737 824 2800 mere,
857 2728 973 2782 etc.
1006 2718 1178 2782 Inter
1209 2717 1516 2783 ordinaria
1538 2729 1749 2784 autem
1774 2768 1792 2803 ,
1826 2727 2137 2783 crescente
2174 2718 2474 2804 Imperio,
2499 2714 2652 2802 pa'u-

621 2829 794 2894 latim
842 2829 1189 2896 introducta
1236 2843 1660 2896 memorantur
1711 2832 1970 2917 vectigal
2032 2853 2106 2896 ex
2148 2852 2295 2917 agro
2352 2830 2605 2916 publico
2631 2881 2650 2916 ‚

620 2964 845 3028 pascua
895 2965 1143 3031 quoque
1164 2993 1183 3027 ‚
1229 2966 1353 3031 quo
1397 2943 1660 3010 trahitur
1699 2967 1811 3009 vox
1859 2945 2158 3030 scriptura
2207 2944 2314 3032 1),
2352 2956 2414 3010 et
2460 2946 2652 3034 sylvas

566 3040 571 3047 ⁶
622 3059 829 3142 pecori
861 3058 1160 3144 pascendo
1197 3060 1641 3144 complectente
1661 3082 1682 3144 ;
1717 3060 1982 3145 portoria
2025 3058 2105 3149 (a
2141 3038 2331 3147 porto
2346 3106 2372 3136 ,
2396 3059 2611 3125 dubito
2632 3110 2651 3146 ,

620 3193 706 3235 nn
741 3195 777 3236 a
812 3169 1115 3259 portus),
1157 3173 1223 3236 in
1254 3184 1472 3257 portu,
1502 3173 1571 3236 in
1608 3174 2064 3258 provinciarum
2097 3173 2329 3238 finibus
2351 3220 2373 3256 ,
2414 3175 2481 3238 in
2526 3172 2650 3238 flu-

624 3287 870 3350 minum
895 3287 1153 3351 transitn
1176 3333 1193 3368 ,
1219 3285 1295 3350 de
1325 3286 1636 3352 mercibus
1670 3286 1958 3351 solvenda
1983 3285 2089 3376 2),
2121 3286 2294 3351 unde
2313 3287 2654 3373 portorium

626 3399 1050 3483 maritimum,
1090 3398 1262 3481 vini,
1301 3400 1500 3485 pontis
1524 3448 1541 3483 ,
1581 3410 1698 3465 etc.
1745 3396 1850 3488 3),
1892 3402 2153 3488 expulsis
2194 3401 2654 3488 Regibus,im-

627 3514 869 3578 minuta
904 3524 1011 3577 aut
1054 3535 1120 3576 su
1169 3532 1371 3597 pressa
1394 3562 1413 3598 ,
1452 3524 1587 3599 post
1626 3524 1791 3578 certe
1830 3515 2110 3581 restituta
2141 3510 2241 3603 4),
2270 3525 2560 3579 caeterum
2585 3513 2654 3578 in

626 3627 802 3692 Italia
844 3627 923 3691 ab
961 3650 1018 3691 a.
1052 3629 1136 3691 69
1240 3623 1467 3691 abolita
1500 3622 1607 3713 5),
1638 3625 1745 3690 sed
1791 3650 1828 3693 a
1859 3628 2094 3694 Caesare
2124 3625 2192 3715 6)
2228 3649 2299 3692 ex
2329 3635 2498 3712 parte
2540 3648 2657 3690 re-

628 3742 878 3824 stituta3
923 3738 1240 3825 vectigalia
1284 3759 1354 3804 ex
1398 3724 1702 3823 metallis,
1730 3760 1870 3826 quae
1911 3740 2177 3806 maxima
2208 3740 2276 3805 in
2317 3739 2609 3827 Hispania
2637 3787 2655 3823 ,

631 3852 873 3938 Illyria,
906 3852 1259 3919 Macedonia
1289 3864 1350 3919 et
1377 3854 1590 3919 Africa
1621 3850 1729 3942 7),
1762 3877 1798 3920 e
1827 3855 1949 3920 sale
1981 3852 2083 3944 8);
2112 3853 2400 3919 vicesima
2428 3875 2659 3918 manu-
2741 3844 2762 3873 ¹

632 3966 994 4031 missionum
1015 4015 1033 4052 ‚
1058 3991 1281 4033 aurum
1316 3969 1769 4043 vicesimarium
1799 3970 1826 4062 (
1839 3974 1900 4057 ς.
1936 3966 2124 4056 60.),
2156 3990 2192 4034 e
2224 3966 2661 4032 manumissio·

636 4079 823 4146 nibus
850 4079 941 4170 9).
974 4084 1049 4147 In
1076 4083 1209 4150 aliis
1236 4084 1469 4152 reditus
1494 4108 1530 4152 e
1562 4094 1937 4154 sacramento
1960 4082 1986 4172 (
2002 4085 2061 4170 §.
2093 4084 2246 4149 271.
2269 4106 2335 4149 a.
2359 4077 2385 4168 )
2409 4130 2428 4166 ,
2458 4081 2661 4147 mulc-
