3111 4829
1536 408 1563 491 (
1600 402 1684 468 3⁰
1724 406 1750 490 )

626 544 806 609 Extra
832 540 1103 630 Gangen,
1119 561 1307 607 aurea
1334 536 1743 605 Chersonesus
1769 534 2138 626 (Malaya)
2163 545 2228 603 et
2250 535 2664 609 immutaba-
2721 584 2726 587 «

629 655 719 721 dii
790 649 1162 744 (Sumatra)
1187 703 1204 720 .
1250 652 1421 717 Indis
1456 645 1534 716 ab
1581 648 1836 715 Oriente
1879 650 2055 716 Sinas
2076 697 2095 733 ‚
2142 672 2179 714 a
2228 649 2654 741 septentrione

626 769 802 835 Seras
821 818 838 852 ,
859 767 956 833 his
974 767 1053 834 ab
1071 766 1435 848 Occidente,
1459 766 1627 851 vagis
1648 765 1947 830 limitibus
1964 813 1982 848 ,
2006 763 2261 851 Scythas
2281 813 2299 847 ,
2322 787 2359 830 a
2383 765 2650 851 Septen-

630 883 828 949 trione
844 895 906 948 et
923 882 1178 949 Oriente
1192 882 1436 967 ignotas
1457 891 1647 945 terras
1666 890 1896 945 veteres
1919 878 2248 966 ponebant.
2276 877 2653 966 Scytharum

629 1019 769 1085 pars
793 1008 977 1078 extra,
1000 1017 1135 1081 pars
1154 995 1242 1061 cis
1252 994 1496 1059 Imaum
1517 1004 1789 1059 montem
1811 993 1941 1078 5his
1961 993 2041 1060 ab
2059 992 2399 1062 Occidente
2411 995 2656 1060 Sarma-

630 1122 709 1176 tae
733 1110 814 1200 (§
834 1107 992 1196 25),
1017 1120 1079 1173 et
1097 1109 1214 1195 ipsi
1233 1106 1605 1197 quandoque
1626 1108 1992 1196 Scytharum
2015 1108 2376 1196 regionibus
2398 1108 2655 1178 inclusi.
2751 1092 2755 1097 .

723 1227 830 1290 35.
880 1222 1264 1310 Regionibus
1292 1222 1598 1288 Africanis
1623 1224 2018 1289 continentur
2042 1225 2352 1312 AEgyptus
2364 1268 2390 1298 ,
2418 1246 2455 1288 a
2479 1233 2656 1290 vete-

633 1336 803 1401 ribus
845 1337 1211 1424 plerumque
1234 1386 1253 1421 ,
1293 1349 1459 1403 certe
1501 1360 1679 1426 pars,
1711 1338 1872 1405 Asiae
1912 1337 2151 1423 adjecta
2175 1386 2195 1424 ,
2233 1337 2423 1425 Libya
2464 1335 2653 1425 (Cy—

634 1449 881 1517 renaica
900 1447 926 1539 )
946 1498 965 1534 ,
1011 1451 1233 1519 Africa.
1257 1452 1540 1539 propria,
1582 1450 1875 1519 Numidia
1896 1500 1914 1536 ‚
1967 1452 2352 1523 Mauritania.
2400 1449 2657 1537 AEgypti

634 1561 873 1629 flumen
919 1565 1309 1651 praecipuum
1348 1567 1523 1633 Nilus
1553 1615 1572 1650 ,
1640 1567 1803 1632 inter
1856 1566 2038 1652 cujus
2089 1565 2342 1633 brachia
2382 1565 2659 1651 ostiaque
2719 1596 2724 1597 ff

635 1676 1024 1743 Pelusiacum
1053 1689 1115 1743 et
1142 1677 1222 1743 ad
1252 1678 1657 1745 Occidentem
1688 1680 2067 1767 Canopicum
2097 1703 2116 1765 ;
2157 1679 2254 1745 his
2286 1677 2663 1744 intermedia

635 1790 916 1881 quinque
964 1789 1238 1878 (septem
1288 1792 1438 1857 ostia
1460 1793 1624 1881 Nili)
1648 1816 1667 1876 3
1699 1796 1876 1857 inter'
1889 1793 2059 1859 lacus
2085 1793 2291 1860 Moeris
2311 1841 2329 1876 ,
2381 1791 2611 1867 Tenuis
2638 1840 2659 1874 ,

635 1904 938 1970 Mareotis.
969 1905 1177 1970 Partes
1196 1907 1445 1993 AEgypti
1465 1905 1728 1971 Thebais
1754 1915 1778 1998 (
1804 1908 2108 1994 AEgyptus
2135 1907 2498 1992 superior),
2547 1902 2666 1970 ubi

636 2018 838 2107 Syene
863 2068 881 2105 ,
922 2020 972 2085 A
979 2021 1361 2107 pollinopolis
1406 2043 1632 2109 magna
1660 2070 1679 2105 ,
1706 2020 1934 2086 Theboe
1960 2020 1986 2110 (
2014 2022 2319 2108 Diospolis
2343 2040 2568 2106 magna
2593 2019 2618 2103 )
2646 2066 2665 2102 ,

644 2132 909 2223 Tentyra
979 2133 1337 2224 (Dendera
1371 2145 1436 2225 ),
1491 2133 1745 2223 Abydus
1766 2181 1793 2214 ,
1848 2134 2172 2201 Ptolemais
2202 2182 2221 2218 ‚
2288 2131 2613 2218 Panopolis
2639 2181 2663 2217 ,

644 2246 1009 2336 (Chemmis
1035 2246 1058 2327 )
1084 2250 1455 2335 Antaeopolis
1477 2297 1495 2333 ,
1516 2250 1869 2337 Lycopoli83
1899 2246 2331 2335 Heptanomis,
2372 2245 2484 2310 ubi
2510 2244 2665 2337 An·-

644 2362 813 2429 tinoe
835 2362 1063 2453 (Besa)
1086 2412 1104 2448 ‚
1120 2364 1504 2450 Hermopolis
1530 2386 1758 2452 magna
1781 2412 1799 2451 ,
1824 2362 2151 2452 Cynopolis
2173 2410 2191 2447 ,
2215 2358 2620 2450 Oxyrynchus
2643 2408 2667 2445 ,

642 2476 1097 2563 Heracleopolis
1121 2525 1140 2560 ,
1196 2477 1689 2565 Aphroditopolis
1719 2528 1738 2562 ,
1804 2477 2126 2565 Memphis.
2197 2473 2667 2563 Heptanomidis

642 2591 830 2655 etiam
860 2589 1033 2656 Oasis
1077 2616 1301 2678 parva,
1362 2604 1424 2658 et
1470 2595 1658 2680 longe
1703 2596 1984 2679 superius
2024 2594 2136 2659 sita
2183 2591 2360 2657 Oasis
2410 2612 2664 2675 magna.
2771 2655 2776 2660 ,

643 2703 947 2788 AEgyptus
973 2703 1243 2800 inferior-5
1271 2703 1524 2792 (Delta)
1568 2706 1636 2769 in
1688 2705 1866 2770 Delta
1918 2713 1979 2768 et
2008 2711 2209 2788 partes
2246 2711 2419 2766 extra
2459 2698 2622 2763 hanc
2646 2744 2672 2784 ,

645 2813 1108 2882 Occidentalem
1122 2828 1183 2882 et
1205 2817 1587 2884 Orientalem
1605 2866 1624 2902 ,
1649 2817 1858 2883 divisa.
1885 2817 1961 2882 Iu
1983 2815 2161 2881 Delta
2175 2813 2255 2880 ad
2270 2836 2442 2884 mare
2455 2811 2675 2898 TaniS,

643 2928 971 3016 Diospolis,
996 2932 1278 3017 Paralus,
1296 2932 1567 2998 Bolbitin
1588 2930 1912 3021 (Roseus),
1931 2929 2193 2995 interius
2217 2928 2471 3010 Busiris,
2498 2925 2669 3012 Sais,

645 3042 964 3111 Naucratis
981 3094 1002 3128 ,
1027 3045 1415 3132 Hermopolis
1433 3094 1451 3130 ,
1478 3046 1732 3111 Meletis.
1754 3046 1831 3111 ln
1853 3055 2024 3132 parte
2054 3043 2440 3114 Occidentali
2482 3042 2676 3108 Plin—

648 3157 826 3234 thine
847 3206 869 3235 ,
917 3159 1324 3247 Momemphis
1350 3209 1368 3245 ,
1421 3162 1602 3248 Apis,
1648 3160 1956 3248 Nicopolis
1976 3208 1994 3245 ,
2049 3159 2417 3228 Alexandria
2437 3206 2455 3242 ,
2485 3157 2678 3244 cujus

647 3274 856 3359 portui
879 3274 1114 3359 objecta
1160 3274 1385 3341 Pharos
1406 3276 1607 3341 insula
1632 3299 1650 3360 3
1693 3277 1761 3340 in
1789 3275 2094 3341 Orientali
2119 3275 2485 3354 Pelusium(
2509 3271 2677 3338 Da-

648 3389 914 3480 mione)
935 3436 953 3472 ‚
976 3388 1222 3454 Casium
1243 3436 1261 3473 ,
1282 3388 1714 3456 Rhinoccrura
1734 3437 1752 3473 ,
1772 3387 2078 3480 Bubastus
2097 3433 2119 3466 ,
2146 3384 2502 3474 Heroopolis
2524 3430 2543 3466 ,
2563 3394 2627 3447 et
2651 3433 2677 3468 ,

649 3501 731 3567 ad
760 3503 966 3569 sinum
995 3502 1432 3591 Heroopoliten
1451 3553 1469 3588 ,
1498 3502 1756 3569 Arsinoe
1784 3503 1809 3587 (
1836 3504 2169 3590 Cleopatris
2190 3505 2234 3585 ).

739 3619 947 3709 Libyae
968 3668 986 3704 ,
1028 3619 1190 3685 inter
1216 3622 1555 3709 AEgyptum
1586 3631 1647 3684 et
1676 3620 1886 3709 Syrtin
1930 3617 2228 3702 majorem
2247 3663 2266 3699 ,
2295 3613 2377 3680 ab
2400 3613 2677 3699 AEgypto

650 3733 974 3818 incipienti
1020 3735 1230 3822 populi
1277 3734 1732 3801 Adrimachidae
1755 3784 1786 3819 „
1825 3731 2142 3800 Ammonii
2165 3778 2184 3814 ,
2241 3725 2624 3795 Marmaridas
2650 3778 2675 3814 ,

652 3846 1021 3915 Nasamones
1042 3897 1061 3933 ,
1088 3850 1305 3939 Psylli3
1350 3861 1550 3938 partes
1589 3848 1854 3938 Libycus
1886 3848 2119 3916 Nomus
2156 3840 2456 3934 (Libya),
2484 3841 2676 3926 cujus

655 3972 894 4026 montes
922 3961 1229 4049 Ogdamus
1257 3975 1318 4029 et
1357 3965 1535 4051 Aspis
1557 4013 1576 4048 ,
1618 3964 1803 4030 urbes
1840 3959 1922 4026 ad
1942 3982 2113 4027 mare
2134 3958 2281 4045 Apis
2296 3968 2358 4023 et
2388 3957 2675 4022 Paraeto-

655 4075 892 4144 tonium
925 4124 942 4160 ,
992 4075 1247 4140 interius
1295 4077 1623 4161 Mareotis3
1671 4074 2025 4143 Marmarica
2057 4123 2076 4159 ,
2134 4073 2328 4142 Cretaa
2368 4070 2615 4138 adversa
2650 4123 2670 4157 ,
