3111 4829
1562 369 1815 452 (178)

684 512 847 578 Hinc
871 507 1085 573 divisio
1114 504 1388 590 capitum
1408 503 1475 567 in
1499 525 1652 569 nova
1680 514 1743 568 et
1768 503 2073 571 tralatitia.
2106 503 2408 570 Caeterum
2439 505 2506 569 in
2526 526 2705 571 oom-

682 621 967 712 ponendo
1017 639 1264 684 morum
1312 617 1603 702 temporis
1650 617 1748 681 sui
1784 627 2160 704 mutataeque
2198 619 2554 704 reipublieae
2598 641 2708 684 ra·-

676 738 914 804 tionem
954 731 1298 814 habehant,
1352 753 1499 796 cum
1549 753 1706 797 nova
1755 729 2047 795 addentes
2069 779 2087 816 ,
2127 743 2264 797 tum
2308 733 2705 820 antiquarum

675 854 891 938 legum
932 849 1197 933 rigorem
1244 854 1651 930 temperantes
1674 893 1692 928 ‚
1737 845 2067 938 ipsumque
2113 845 2217 930 jus
2261 845 2660 910 honorarium
2685 894 2704 928 ‚

678 966 860 1046 iuris
896 962 1116 1028 civilis
1131 1006 1156 1036 ,
1180 960 1285 1024 cui
1304 1007 1323 1044 ,
1355 961 1469 1050 (ut
1494 981 1698 1046 neque
1727 960 1941 1046 populi
1971 960 2243 1046 legibus,
2277 982 2482 1047 neque
2517 962 2706 1046 prin—

674 1077 859 1164 cipali
916 1074 1274 1140 auctoritate
1340 1072 1829 1160 constitutum,)
1900 1075 2230 1160 opponitur
2286 1075 2311 1162 (
2331 1077 2390 1160 §.
2455 1072 2661 1162 262.)
2691 1121 2709 1157 ,

671 1187 1049 1276 adjuvandi
1068 1233 1094 1263 ‚
1122 1187 1227 1251 vol
1249 1187 1604 1275 supplendi
1640 1187 1745 1251 vel
1781 1186 2159 1274 eor-riqendi
2179 1188 2410 1275 qratia
2434 1200 2706 1276 propter

669 1302 1032 1366 utilitatem
1045 1301 1430 1385 publicam,
1460 1299 1789 1365 inductum
1819 1322 1977 1383 esse,
2006 1298 2183 1363 docet
2207 1299 2579 1385 Papinianus
2607 1297 2697 1387 2).

670 1416 813 1496 Quo
858 1413 1113 1478 nomine
1151 1423 1224 1476 ut
1267 1414 1483 1498 populi
1519 1415 1898 1476 voluntatem
1937 1413 2228 1476 Praetores
2258 1423 2699 1499 sequerentur,

666 1550 915 1593 neeesse
940 1527 1062 1592 fuit
1083 1575 1102 1611 ,
1144 1550 1183 1592 a
1217 1527 1357 1613 lege
1400 1527 1624 1611 scripta
1648 1526 1726 1590 iis
1752 1527 1925 1591 abire
1963 1526 2152 1590 licere
2173 1573 2192 1609 ,
2233 1526 2358 1590 sive
2387 1525 2616 1591 directe
2637 1538 2703 1591 et

665 1653 873 1729 aperte
913 1640 976 1704 id
998 1690 1016 1725 ,
1060 1640 1183 1703 sive
1226 1639 1607 1726 antiquitatis
1644 1640 1845 1724 specie
1883 1649 2116 1703 servata
2155 1639 2460 1724 facerent;
2495 1661 2704 1726 neque

641 1749 817 1822 'adeo
848 1755 1045 1841 pravis
1071 1755 1411 1820 Praetorum
1451 1753 1686 1819 artibus
1728 1751 2058 1817 tribuenda
2098 1765 2240 1817 sunt
2260 1803 2278 1838 ‚
2310 1777 2701 1842 quaecunque

663 1867 745 1933 ab
767 1868 841 1932 iis
871 1889 980 1954 per
1009 1886 1165 1928 nova
1190 1867 1484 1927 vocabula
1502 1910 1520 1946 ‚
1547 1849 1967 1950 exceptiones,
2001 1868 2413 1932 restitutiones
2441 1869 2508 1932 in
2534 1868 2701 1932 inte—

664 2003 850 2067 grum
871 2027 889 2063 ‚
941 1988 1002 2043 et
1040 1977 1319 2042 fictiones
1357 1976 1567 2041 aliisve
1603 1976 1803 2042 modis
1839 2001 1995 2045 nova
2035 1980 2288 2046 inducta
2321 1992 2429 2046 aut
2462 1992 2698 2048 mutata

665 2095 1104 2176 inveniuntur3
1153 2090 1345 2178 idque
1381 2102 1593 2156 contra
1635 2091 1956 2156 Heineceii
1985 2095 2348 2159 sententiam
2377 2116 2524 2159 cum
2551 2096 2696 2179 alii,

663 2221 801 2273 tum
831 2209 1080 2295 egregie
1122 2205 1566 2271 demonstrasse
1591 2204 1835 2271 videtur
1863 2207 2141 2271 Ritterus
2164 2207 2255 2296 3).
2286 2209 2563 2274 Dubium
2586 2220 2695 2275 ta·-

662 2345 810 2386 men
850 2327 978 2386 non
1017 2331 1145 2404 est,
1178 2321 1333 2408 quin
1362 2321 1727 2390 auctoritate
1765 2344 1874 2385 sua
1908 2321 2080 2386 abuti
2108 2323 2287 2387 facile
2319 2324 2608 2388 Praetores
2634 2335 2697 2388 et

665 2459 813 2500 cum
837 2436 1014 2500 bonis
1057 2434 1220 2499 mala
1258 2434 1593 2518 inducere,
1636 2437 1916 2523 quamvis
1955 2459 2082 2501 non
2120 2460 2359 2523 semper
2401 2441 2694 2525 impune,

667 2550 1004 2634 potuerint.
1038 2548 1342 2612 Coeterum
1365 2548 1587 2611 mutati
1617 2570 1727 2633 per
1761 2569 1998 2612 annum
2035 2540 2222 2613 edioti
2257 2552 2542 2636 inprimis
2576 2576 2697 2619 ac—

663 2671 903 2726 cusatos
936 2658 1002 2746 4)
1044 2682 1079 2723 e
1124 2661 1644 2724 senatusconsulto
1711 2661 1803 2751 (a.
1849 2659 2087 2749 585.),
2140 2685 2211 2726 ex
2256 2665 2405 2727 actis
2450 2678 2697 2732 senatus

665 2774 971 2859 descripto
993 2822 1010 2856 ,
1039 2772 1356 2859 colligeres
1376 2822 1392 2855 ,
1429 2772 1724 2857 jubente,
1769 2778 1870 2838 uti
1896 2773 2231 2839 Proetoree
2259 2800 2340 2840 οι·
2369 2782 2511 2843 em'e
2534 2803 2696 2867 per-

658 2891 877 2976 petuis
919 2886 1152 2950 edictis
1173 2889 1302 2972 jue
1325 2886 1620 2951 dicerent
1662 2883 1752 2973 5).
1785 2886 1906 2950 Sed
1934 2888 2215 2973 spurium
2238 2911 2366 2954 esse
2392 2889 2511 2956 hoe
2542 2914 2692 2956 mo-

666 3012 1037 3066 numentum
1063 3049 1080 3083 ,
1126 2999 1354 3065 Bachio
1390 2996 1483 3086 6)
1518 3012 1651 3085 post
1690 3001 1837 3066 alios
1879 3023 2237 3088 persuasum
2288 3004 2482 3074 video.
2515 3007 2693 3073 Idem

666 3117 883 3202 utique
912 3125 1162 3180 centum
1193 3126 1326 3201 post
1366 3116 1543 3180 annis
1585 3138 1809 3203 magna
1841 3139 1988 3183 cum
2020 3119 2324 3185 nobilium
2355 3122 2693 3189 offensione

666 3230 825 3293 cavit
868 3230 962 3294 lex
1007 3229 1286 3295 Cornelia
1337 3227 1431 3317 7).
1472 3230 1780 3297 Posterius
1803 3232 2085 3298 mutandi
2120 3246 2228 3300 aut
2260 3236 2474 3324 inique
2496 3238 2694 3302 inter-

668 3341 951 3426 pretandi
1003 3341 1323 3408 libidinem
1382 3342 1668 3408 nonnihil
1727 3347 2001 3411 coercuit
2064 3348 2327 3413 formula
2375 3350 2443 3412 in
2490 3348 2691 3413 edicto

670 3455 859 3540 posita
897 3478 913 3519 ε
961 3456 1133 3544 quod
1164 3460 1435 3546 quisque
1450 3460 1646 3546 juris
1685 3461 1761 3523 in
1799 3461 2084 3525 alterum
2120 3465 2388 3535 statuit,
2434 3473 2511 3524 ut
2547 3464 2689 3548 ipse

668 3569 881 3633 eodem
882 3570 1048 3657 jure
1071 3583 1303 3635 utatur
1317 3598 1344 3650 ,-
1369 3594 1555 3659 quam
1581 3573 1860 3638 Salviano
1885 3574 2138 3640 demum
2165 3573 2361 3638 edicto
2384 3564 2708 3658 adjectam'

667 3684 967 3748 existimat
1018 3684 1282 3750 Baebius
1332 3684 1434 3775 8).
1489 3687 1739 3752 Certum
1789 3700 1879 3754 est
1901 3737 1920 3773 ,
1969 3689 2261 3775 paulatim
2310 3690 2693 3755 constantius

670 3796 920 3859 evasisse
957 3798 1064 3881 jus
1105 3797 1542 3884 honorarium,
1583 3800 1771 3889 idque
1815 3804 1882 3866 in
1930 3803 2121 3868 libera
2159 3800 2364 3867 adhuc
2401 3804 2710 3888 civitatey

669 3928 792 3991 quo
838 3910 1032 3992 magis
1073 3924 1549 3978 consentaneum
1596 3915 1754 3997 fuit,
1795 3916 1863 3977 in
1894 3936 1966 3978 eo
1995 3916 2451 4000 interpretando
2499 3929 2684 4005 atque

660 4018 1001 4084 ordinando
1016 4021 1148 4103 jam
1174 4036 1308 4090 tum
1321 4025 1467 4108 jure
1494 4027 1800 4092 consultos
1820 4049 2069 4112 operam
2102 4051 2368 4116 ponere3
2398 4054 2431 4096 e
2457 4008 2685 4118 quibus
