3111 4829
1337 379 1589 463 (259)

456 533 582 590 nno
610 512 773 578 inter
802 511 958 578 duos
976 509 1197 595 diviso,
1226 512 1464 580 urbano
1492 514 1678 578 etiam
1711 525 1770 577 et
1797 515 2121 600 peregrino
2147 537 2469 584 causarum

454 636 688 709 partem
714 637 955 691 senatus
975 626 1153 711 jussu
1180 628 1652 713 suscipientibus
1681 625 1774 714 8).

519 810 582 873 1)
623 811 743 862 Tac.
766 814 910 863 Anu.
944 814 1006 879 1,
1034 813 1103 864 ⁷2
1123 849 1140 878 ,
1166 814 1303 865 Nan·
1326 815 1481 879 loyen·
1512 814 1792 877 mojuntae'ae
1820 815 2127 874 reduxero&
2162 818 2256 865 οισι·
2287 830 2475 866 men

452 902 599 964 opud
614 909 798 951 vetem
818 905 981 968 idem,
1004 905 1093 953 sod
1111 905 1219 954 alia
1238 905 1299 954 in
1320 904 1585 967 judicium
1608 904 1873 954 veniebant
1889 920 1912 952 .·
1946 907 1996 953 u·
2027 907 2146 968 quis
2176 907 2474 970 proditione

452 991 723 1041 exercitum
738 1028 754 1056 ,
778 1000 873 1042 aut
889 993 1082 1058 plebem
1103 994 1434 1044 seditionibus
1451 1030 1468 1057 ,
1501 985 1721 1058 deniquo
1754 994 1885 1044 male
1916 1003 2054 1059 quta
2075 994 2335 1060 republica
2358 1011 2474 1045 ma·-

448 1078 683 1140 jmaam
699 1083 889 1146 popu·
906 1085 1191 1134 mnam.
1206 1111 1267 1126 -.
1286 1075 1440 1149 3)·οε.
1463 1084 1650 1148 1:104.
1670 1084 1799 1134 aaa.
1822 1085 1856 1133 2
1875 1121 1892 1149 ‚
1916 1067 2063 1135 neta.
2086 1085 2118 1135 ⁴
2134 1121 2151 1147 ‚
2178 1081 2240 1134 18
2261 1120 2278 1146 ‚
2302 1082 2386 1133 ss.
2405 1109 2473 1122 -

455 1167 519 1231 3)
542 1167 604 1218 V.
628 1167 771 1219 Paul.
795 1170 937 1220 Sene.
959 1171 1083 1223 Rae.
1105 1172 1167 1236 5,
1191 1171 1275 1222 54.
1298 1199 1364 1212 -
1387 1173 1451 1238 4)
1472 1173 1535 1221 V.
1573 1170 1618 1242 §.
1642 1173 1759 1224 265.
1790 1175 1890 1223 loc.
1915 1175 2067 1225 Festi.
2084 1200 2147 1214 —
2164 1174 2221 1235 5)
2241 1175 2304 1223 V.
2328 1174 2474 1226 Paul.

452 1256 594 1307 Sent-
618 1258 741 1308 Rae.
764 1259 832 1322 ὅ,
856 1259 938 1308 23.
956 1287 1020 1299 —
1044 1261 1097 1325 6)
1122 1261 1184 1310 V.
1209 1262 1313 1311 Cic.
1341 1261 1497 1313 Vm.
1520 1262 1543 1311 1
1567 1297 1585 1325 ,
1624 1262 1689 1311 42
1706 1298 1722 1322 ‚
1746 1263 1836 1312 ubi
1859 1263 2276 1314 testamentariam
2297 1279 2357 1313 ac
2379 1281 2478 1313 nu·

453 1344 659 1393 mariam
682 1351 826 1394 vocat
844 1383 861 1410 ,
881 1347 1026 1396 Heln.
1049 1348 1228 1414 4,18,
1249 1349 1315 1398 65
1338 1354 1388 1397 et
1405 1348 1470 1398 64
1487 1374 1550 1387 -
1570 1348 1634 1408 7)
1659 1348 1769 1413 Ulp.
1795 1349 2001 1398 Panda.
2024 1346 2166 1414 2131
2184 1388 2200 1414 ,
2229 1350 2289 1401 17
2310 1389 2328 1416 ,
2355 1350 2401 1420 §.
2420 1351 2476 1400 7.

453 1433 522 1482 De
544 1434 679 1483 furto
716 1435 957 1484 litterario
981 1437 1124 1486 Mart.
1150 1438 1173 1486 1
1194 1475 1209 1502 ,
1244 1437 1311 1487 55
1330 1475 1347 1501 ,
1385 1437 1448 1501 9,
1482 1439 1714 1503 impones
1738 1438 1998 1502 ploqc‘on‘o
2023 1440 2294 1502 pudorem.
2319 1468 2381 1479 —
2401 1441 2477 1508 8)

454 1520 535 1610 Cf..
558 1522 727 1574 nemus.
750 1526 852 1574 vol.
873 1525 923 1576 2.
948 1541 1064 1590 pag.
1084 1526 1170 1577 96.
1193 1542 1307 1590 sqq.

543 1665 695 1728 265.
744 1665 871 1730 Nec
911 1665 1119 1731 minus
1145 1665 1436 1732 Praetores
1467 1669 1662 1734 nimio
1703 1690 1891 1734 onere
1923 1668 2205 1734 levabant
2235 1667 2477 1752 judices

451 1761 801 1861 quaestiiinis
846 1775 943 1865 l),
987 1778 1180 1844 iidem
1224 1781 1533 1867 principes
1573 1780 1863 1866 judicum
1901 1779 2090 1865 dicti3
2132 1779 2209 1845 de
2250 1780 2478 1868 quibus

452 1909 580 1952 non
619 1911 840 1975 parum
883 1891 1251 1958 dissentiunt
1292 1906 1604 1978 auctores,
1654 1916 1728 1960 ac
1771 1895 2058 1959 nonnulli
2108 1916 2256 1959 cum
2296 1894 2478 1958 Prae-

456 2001 691 2068 toribus
735 2026 838 2070 eos
883 2015 991 2071 aut
1042 1987 1483 2089 Quaesitoribus
1531 2006 1633 2097 (§.
1666 2004 1868 2094 275.)
1911 2006 2328 2072 confuderunt
2379 2003 2474 2094 2).

455 2113 798 2196 Quaesitum
825 2118 1010 2184 etiam
1033 2168 1051 2203 ‚
1076 2141 1156 2185 an
1190 2121 1578 2207 magistratus
1600 2120 1834 2184 fuerint
1857 2116 1949 2207 3).
1997 2118 2301 2184 Caeternm
2343 2118 2479 2183 haec

454 2241 731 2295 constare
756 2229 1086 2297 videntur:
1119 2235 1332 2319 populi
1361 2233 1697 2318 suffragiis,
1725 2243 1788 2296 et
1806 2232 2073 2297 maxime
2097 2231 2384 2297 aedilitate
2409 2229 2478 2319 4)

454 2345 697 2409 functos
734 2346 921 2409 lectos
956 2366 1126 2431 esse3
1170 2344 1407 2430 judicia
1438 2355 1648 2409 autem
1671 2391 1690 2427 ,
1728 2343 1897 2408 unde
1944 2342 2206 2430 duplicis
2237 2343 2480 2431 generis

453 2459 642 2523 fuisse
689 2458 1045 2544 suspiceris,
1084 2436 1233 2524 alias
1269 2459 1512 2544 propria
1551 2457 1951 2540 auctoritate,
1980 2457 2128 2521 alias
2169 2457 2284 2521 sub
2309 2458 2480 2523 Prae-

456 2583 585 2637 tore
613 2571 955 2638 moderatos
988 2568 1056 2658 5)
1079 2620 1097 2655 ‚
1125 2593 1374 2636 causam
1404 2581 1879 2658 cognoscentes,
1910 2581 2089 2635 testes
2116 2571 2439 2635 audientes
2458 2620 2478 2655 ,

447 2664 693 2771 judices
724 2685 1038 2788 sortientes
1056 2733 1074 2768 ,
1108 2685 1227 2750 alia
1253 2685 1532 2749 Praetoris
1538 2670 1864 2770 dignitate
1889 2684 2130 2750 minora
2156 2668 2476 2770 curantes,

452 2801 642 2888 ipsius
683 2798 952 2888 denique
998 2798 1241 2882 vicem,
1287 2798 1410 2864 sive
1455 2796 1765 2882 absentis,
1816 2798 1940 2862 sive
1977 2799 2126 2862 alias
2159 2778 2479 2885 impediti,

452 2914 805 3001 frequenter
833 2914 1177 3000 implentes.

541 3029 770 3093 Praeter
804 3026 1082 3110 jndicem
1123 3024 1475 3111 quaestionis
1511 3024 1580 3087 in
1616 3021 1869 3108 judiciis
1907 3021 2234 3089 ordinariis
2273 3047 2477 3089 asses—-

456 3163 661 3208 sorum
688 3138 1015 3206 consilium
1035 3186 1053 3220 ,
1086 3157 1348 3200 numero
1376 3133 1454 3200 ad
1487 3135 1731 3221 singula
1757 3137 1895 3222 lege
1923 3128 2176 3200 definito
2201 3182 2219 3218 ,
2246 3130 2290 3200 e*
2314 3159 2479 3225 qno-

455 3234 923 3321 rum‘sententia
954 3252 1181 3315 Praetor
1210 3249 1665 3334 pronuntiabat.
1701 3250 1895 3315 Causa
1927 3270 2156 3335 magno
2183 3249 2479 3335 adparatu

452 3370 749 3459 agebatur
768 3415 786 3451 ,
813 3386 1138 3431 numerosa
1161 3362 1400 3428 circum
1426 3361 1698 3426 tribunal
1726 3360 1750 3450 (
1764 3364 1824 3448 §.
1860 3354 2037 3448 195.)
2061 3359 2479 3448 adparitorum

454 3483 635 3549 turba
681 3479 792 3569 6),
823 3480 892 3543 in
929 3476 1155 3565 quibus
1199 3475 1444 3557 scribas,
1483 3474 1764 3556 lictores,
1805 3472 1952 3557 alii,
1991 3466 2303 3561 frequenti
2342 3475 2479 3560 plc-

453 3618 720 3685 rumque
772 3593 1151 3658 curiosorum
1178 3638 1196 3672 ,
1246 3588 1588 3679 faventium
1641 3597 1748 3651 aut
1796 3578 2249 3651 adversantium
2316 3609 2482 3651 con-

454 3732 643 3776 cursu
672 3705 763 3797 7).
799 3707 996 3771 Locus
1024 3699 1278 3788 judiciis
1315 3688 1580 3788 publicis
1617 3708 1945 3763 consuetus
1987 3694 2480 3764 extraordinariis

452 3792 681 3891 forum
711 3822 809 3914 (ς.
843 3815 1037 3907 275.)
1066 3828 1129 3882 et
1171 3817 1438 3904 Campus
1461 3812 1566 3902 8),
1619 3810 1942 3877 ordinariis
1993 3811 2220 3878 forum.
2261 3812 2478 3878 Accu—

455 3950 619 4007 satus
646 3938 713 4001 in
753 3933 972 4001 iisdem
1010 3931 1257 4023 proprie
1284 3952 1461 4019 reus,
1484 3914 1668 3998 areum
1697 3947 1889 4016 agens
1929 3936 2285 4013 accusator,
2322 3928 2487 3994 actio

452 4054 757 4124 accusatio
792 4049 1125 4119 dicebatur.
