3111 4829
1347 396 1603 488 (³³5.)

453 537 644 625 patria
687 556 834 601 curn
876 533 1238 599 Graecorum
1289 531 1593 619 religione
1611 578 1631 615 ,
1675 529 1968 618 pleraque
1995 528 2292 596 Romanis
2320 553 2466 599 cum

451 650 547 716 his
577 672 704 715 esse
723 648 1103 715 communia.
1128 646 1313 711 Initio
1335 656 1562 711 cuncta
1590 644 1883 710 sacrificia
1905 643 2226 710 incruenta
2248 646 2432 713 fuisse
2448 694 2468 732 ,

452 764 720 850 vulgaris
762 775 850 830 est
880 773 1158 828 veterum
1201 784 1448 850 quoque
1487 760 1799 847 persuasio
1826 755 1933 847 1),
1961 759 2266 825 vocabulis
2287 761 2471 826 etiam

453 878 805 945 solennibus
849 873 1018 968 (θὼν,
1060 877 1238 960 thus,
1263 874 1553 965 :suffituS,
1595 873 1837 956 odores,
1867 872 2110 938 adolere
2131 922 2150 957 ,
2175 872 2428 963 caetera)
2452 920 2474 958 ‚

451 993 667 1079 utique
698 993 877 1057 facile
908 990 1183 1057 credenti
1204 1039 1223 1076 ‚
1252 989 1606 1076 probabilis.
1634 989 1770 1053 Non
1792 988 2081 1053 omnibns
2109 987 2324 1054 eadem
2349 990 2475 1056 sive

452 1105 612 1171 dona
653 1106 776 1170 sive
830 1105 1055 1171 hostias
1079 1153 1098 1188 ,
1144 1103 1249 1169 sed
1307 1126 1416 1190 pro
1467 1102 1725 1167 deorum
1773 1112 1993 1167 natura
2052 1113 2114 1166 et
2184 1111 2475 1189 potestate

451 1218 683 1284 diversa
705 1241 832 1284 esse
850 1219 1086 1302 oblata,
1109 1228 1251 1282 nota
1274 1239 1370 1282 res
1390 1228 1512 1298 est3
1542 1237 1659 1280 nec
1682 1214 1864 1279 modo
1890 1214 2149 1300 singulis
2169 1237 2278 1281 sua
2301 1228 2478 1281 erant

449 1334 778 1417 animalia,
833 1344 903 1397 ut
951 1332 1086 1396 Jovi
1132 1344 1383 1414 taurus,
1434 1329 1644 1394 Cereri
1692 1350 1943 1414 porcus,
1985 1329 2227 1395 Baccho
2258 1353 2476 1416 caper,

459 1448 809 1534 AEsculapio
855 1448 1087 1533 gallus,
1135 1447 1336 1514 Vestae
1378 1441 1478 1535 (§.
1513 1440 1705 1530 288.)
1754 1443 1974 1507 asellus
2000 1439 2109 1531 2),
2151 1445 2254 1509 sed
2292 1446 2478 1510 etiam

452 1561 783 1647 generibus
841 1558 1099 1623 deorum
1176 1557 1457 1644 quaedam
1481 1604 1500 1639 ,
1566 1567 1639 1621 ut
1694 1556 1929 1642 superis
2004 1557 2143 1622 alba
2177 1605 2195 1641 ,
2260 1559 2477 1624 inseris

449 1673 627 1760 nigra
651 1669 759 1761 3),
786 1673 881 1737 vel
905 1672 1105 1737 colore
1128 1672 1391 1759 propria.
1416 1672 1545 1736 Nec
1567 1692 1706 1737 vero
1729 1670 1933 1734 minor
1950 1692 1983 1734 a
2010 1670 2221 1755 rebus,
2251 1672 2480 1758 quibus

447 1809 615 1852 sacra
660 1786 858 1867 fiunt,
907 1786 1193 1869 varieta83
1242 1808 1365 1873 quo
1405 1783 1573 1872 apud
1615 1788 1927 1850 Romanos
1966 1783 2206 1850 trahere
2252 1787 2477 1874 possi8‚

448 1901 614 1990 quod
656 1900 871 1966 foederi
909 1900 1184 1967 feriendo
1219 1901 1484 1966 solennis
1520 1899 1770 1965 victima
1791 1922 2014 1986 porcus
2039 1899 2127 1990 4).
2171 1902 2276 1967 Sic
2300 1926 2480 1989 paene

446 2017 691 2082 infinita
711 2016 1018 2081 distinctio
1039 2063 1056 2099 ,
1082 2038 1276 2102 eaque
1295 2027 1356 2080 et
1379 2026 1652 2100 tempore
1674 2026 1735 2078 et
1758 2015 2047 2101 gentibus
2067 2065 2084 2099 ,
2112 2017 2260 2082 locis
2287 2018 2475 2083 etiam

450 2129 728 2211 varians,
780 2139 1071 2193 caeterum
1095 2177 1112 2210 ‚
1153 2150 1232 2191 ne
1279 2128 1347 2191 in
1391 2125 1700 2190 mactandi
1742 2125 1997 2212 quidem
2035 2150 2206 2192 more
2241 2152 2487 2215 prorsus

454 2242 763 2327 neglecta3
808 2263 930 2328 quo
973 2240 1380 2323 trahendum,
1414 2238 1581 2327 quod
1621 2240 1857 2325 superis
1899 2240 2094 2325 elato,
2123 2239 2337 2308 inferis
2374 2244 2489 2309 de-

457 2375 658 2440 presso
701 2352 898 2440 capite
943 2352 1189 2418 victima
1221 2352 1575 2418 feriebatur.
1611 2353 1730 2417 Nos
1762 2363 1969 2418 autem
2001 2351 2078 2419 dc
2105 2356 2489 2425 sacrificandi
2577 2379 2584 2388 ·

457 2466 581 2532 ritu
616 2465 750 2532 brec
774 2468 1057 2533 universe
1088 2478 1390 2534 notamus.
1423 2467 1893 2533 Sacrificaturus
1925 2464 2027 2556 5),
2051 2468 2130 2535 de
2151 2492 2321 2537 morc
2343 2495 2493 2539 cum

458 2591 620 2645 veste
648 2580 787 2646 alba
812 2576 917 2668 6),
948 2579 1268 2645 interdum·
1297 2580 1457 2645 foliis
1493 2581 1792 2667 placando
1822 2581 2070 2648 numini
2112 2598 2356 2652 sacratae
2388 2612 2494 2654 ar-

460 2694 625 2759 boris
654 2694 927 2768 velatus„
979 2694 1149 2780 puris
1195 2695 1523 2778 manibus,
1576 2693 1654 2759 ad
1699 2718 1869 2759 aram
1906 2696 2252 2766 accedebat.
2293 2702 2496 2770 Victi-

463 2828 628 2871 mam
650 2855 668 2888 ‚
733 2805 995 2871 hostiam
1051 2802 1132 2894 7)
1161 2853 1178 2888 ,
1244 2829 1399 2892 popa
1476 2807 1502 2897 (
1518 2810 1575 2893 §.
1631 2805 1865 2895 329.)‚
1913 2830 2139 2876 corona
2183 2813 2452 2899 vittaque
2475 2865 2493 2899 ‚

463 2918 664 2983 insula
687 2917 756 3006 8)
774 2966 791 3001 ,
817 2928 1096 2982 ornatam
1123 2965 1140 3000 ‚
1168 2917 1541 3006 quandoque
1564 2920 1857 2985 cornibus
1886 2924 2113 2988 auratis
2137 2971 2154 3007 ,
2178 2936 2501 3012 caeterum,

465 3031 685 3095 lectam
708 3077 725 3112 ,
779 3030 1064 3119 injngem
1104 3032 1535 3119 integramque
1575 3033 1959 3120 adducebat3
1996 3035 2261 3102 adducta
2285 3086 2303 3122 ,
2346 3062 2504 3125 pro-

467 3144 626 3209 fanis
645 3142 937 3209 absistere
961 3192 979 3228 ,
1010 3146 1409 3211 manentibus
1441 3146 1755 3212 silentium
1779 3159 1889 3212 aut
1910 3172 1946 3214 a
1971 3150 2228 3215 sinistris
2258 3154 2505 3219 vocibus

466 3256 899 3321 abstinentiam
947 3258 1335 3345 praecipiebat
1404 3260 1719 3346 sacerdos;
1781 3284 1905 3347 quo
1968 3264 2236 3349 pertinet
2288 3271 2506 3353 procul

470 3380 637 3453 este,
679 3370 959 3455 profani3
1002 3372 1198 3436 favete
1245 3373 1513 3460 linguis,
1544 3387 1659 3440 etc.
1698 3373 1789 3464 9).
1834 3378 1993 3441 Tum
2026 3401 2236 3464 preces
2262 3382 2424 3447 inter
2444 3394 2507 3448 et

467 3485 826 3550 libationem
855 3486 1229 3551 consecratio
1272 3485 1488 3552 hostias
1511 3537 1528 3570 ‚
1559 3490 1762 3553 fronte
1783 3537 1800 3572 ‚
1832 3491 2141 3579 simulque
2173 3517 2275 3559 ara
2309 3507 2369 3560 et
2408 3520 2509 3562 se-

470 3599 692 3683 cespita
716 3600 877 3664 farre
901 3621 1047 3664 cum
1078 3600 1200 3663 sale
1231 3600 1420 3665 mixto
1455 3601 1794 3687 conspersis
1825 3601 2027 3692 (mola
2053 3655 2071 3689 ‚
2119 3607 2506 3699 immolare.)

475 3710 835 3778 Consecrata
867 3711 1011 3777 dein
1033 3713 1417 3778 mactabatur
1459 3711 1569 3801 10)
1591 3762 1608 3797 ,
1650 3727 1952 3803 ruptoque
1974 3718 2200 3805 jugulo
2223 3744 2507 3790 cruorem

473 3825 897 3918 excipiebant,
941 3850 1066 3915 quo
1110 3849 1245 3893 mos
1283 3828 1495 3893 altaria
1537 3828 1800 3893 irrorare
1840 3825 1987 3917 11);
2032 3844 2331 3918 postremo
2361 3861 2509 3924 pro-

474 3950 700 4004 motam
745 3938 1045 4028 haruspex
1088 3937 1190 4032 (§.
1240 3939 1434 4029 321.)
1483 3942 1865 4027 inspiciebat.
1910 3944 2151 4033 Frusta,
2197 3964 2506 4035 prosecta,

474 4040 749 4141 prosiciai
773 4053 930 4144 12),
954 4056 1248 4123 mundata
1272 4058 1692 4146 altaribusque
1712 4058 1989 4148 imposita
2012 4110 2029 4148 ‚
2055 4065 2305 4150 repetita
2325 4088 2507 4151 prece
