3111 4829
1563 335 1759 419 (344
1792 333 1821 414 )

782 466 885 536 15.
931 465 1088 535 Ludi
1139 466 1373 552 Plebeji
1430 464 1493 531 in
1550 465 1750 532 Circo.
1820 464 2029 550 15de
2079 479 2162 563 pt
2174 468 2396 553 alias,
2414 469 2707 535 incertis

686 574 920 646 (liebus.

779 699 881 760 18.
929 696 1352 778 Mei-curialia,
1391 706 1842 779 mercatorum,
1901 708 1973 762 ut
2018 697 2407 782 conjiciunt3
2459 696 2621 763 sed
2602 719 2710 762 m-

682 817 845 870 certa
886 806 1086 871 lectio.
1133 805 1359 871 Eadem
1391 806 1609 892 saepius
1647 819 1995 873 recurrunt.

770 918 998 983 Eodem
1035 941 1245 985 mense
1288 920 1605 985 Brumalia
1650 932 2071 986 memorantur

1360 1082 1614 1149 Mensis
1648 1081 2023 1151 December.

697 1333 698 1338 ἵ
769 1247 922 1313 346.
974 1248 1117 1313 Dies
1156 1252 1216 1313 5.
1265 1248 1602 1331 Faunalia,
1647 1248 1857 1314 Fauno
1892 1246 1996 1335 (§.
2039 1249 2190 1313 308.
2214 1244 2287 1336 ),
2337 1248 2707 1313 rusticorum
2760 1255 2763 1258 ’

681 1360 808 1451 (cf.
847 1362 992 1425 Hor.
1027 1360 1150 1426 od.
1190 1353 1326 1445 III,
1375 1364 1473 1427 18.
1500 1361 1527 1449 )

771 1478 871 1539 19.
921 1474 1305 1558 Saturnalia,
1360 1475 1624 1544 Saturno
1668 1475 1772 1566 (§.
1831 1473 2072 1562 301.),
2128 1497 2235 1562 per
2279 1476 2485 1562 plures
2529 1475 2659 1539 dies
2685 1522 2706 1559 ‚

673 1589 782 1653 otii
828 1600 888 1652 et
929 1590 1275 1652 communis
1314 1589 1577 1672 laetitiae,
1621 1589 1987 1654 muneribus
2029 1589 2296 1655 invicem
2346 1590 2588 1673 missis,
2637 1589 2707 1654 in

670 1703 869 1788 iisque
899 1700 1090 1766 cereis
1110 1749 1127 1783 ,
1152 1699 1307 1786 quin
1336 1702 1522 1764 etiam
1553 1703 1770 1785 servis,
1799 1702 2050 1768 domino
2080 1705 2471 1771 ministrante
2490 1754 2507 1789 ,
2541 1727 2705 1793 epu-

668 1815 937 1880 lantibus
960 1862 977 1897 ,
1018 1814 1085 1877 in
1124 1815 1485 1880 memoriam
1512 1835 1718 1880 aureae
1749 1816 1867 1880 sub
1898 1819 2163 1886 Saturno
2195 1821 2417 1903 aetatis,
2445 1821 2705 1886 nemine

669 1929 966 1994 serviente
1000 1929 1168 2018 (Liv.
1205 1930 1306 2013 11,
1342 1934 1419 1993 21
1449 1978 1466 2013 ,
1497 1932 1675 1996 XXX
1700 1980 1717 2013 ,
1750 1932 1876 2015 36,
1899 1932 2069 1997 Suet.
2112 1932 2259 2002 Cal.
2299 1937 2378 2000 17
2388 1934 2697 2018 ,Mam-ob.

667 2040 942 2110 Satura.
975 2045 1046 2128 1,
1086 2047 1162 2128 7,
1201 2046 1347 2109 Hor.
1388 2041 1529 2109 Sat.
1565 2047 1670 2126 11,
1710 2050 1786 2127 7,
1831 2042 1944 2132 4.)

763 2163 865 2224 19.
917 2157 1172 2244 Opalia,
1217 2157 1337 2244 Opi
1381 2157 1643 2249 (Rhoae.
1672 2161 1748 2228 V.
1777 2160 2039 2225 Macrob.
2069 2161 2100 2225 I
2120 2211 2137 2244 ,
2179 2160 2331 2248 10.)

759 2274 866 2336 21.
917 2273 1152 2337 Divalia
1190 2271 1667 2363 (Angeronalia.
1698 2274 1775 2341 V.
1805 2274 2069 2339 Macrob.
2103 2272 2228 2362 ib.)

757 2385 863 2450 24.
915 2385 1072 2448 Ludi
1112 2386 1439 2451 Juvenales
1479 2385 1602 2477 (cf.
1649 2387 1821 2453 Suet.
1873 2384 2051 2453 Nero
2095 2385 2240 2476 11.)

766 2496 1002 2562 Eodem
1046 2518 1256 2561 mense
1298 2498 1696 2563 recurrebant
1718 2502 2020 2587 Agonalia
2048 2513 2110 2567 et
2134 2502 2494 2591 Consualia,
2524 2508 2711 2591 item,

671 2610 890 2695 soepius
910 2609 1233 2693 celebrata,
1254 2611 1603 2698 compitalia
1619 2661 1637 2697 ,
1663 2612 1920 2679 Laribus
1944 2613 2353 2701 compitorum
2381 2617 2406 2706 (
2419 2621 2477 2705 §.
2509 2623 2709 2708 314.)

1532 2772 1611 2815 DE
1656 2773 1850 2816 nume.

759 2891 910 2956 347.
964 2888 1123 2953 Cum
1153 2887 1322 2953 festis
1352 2887 1637 2974 plurimis
1668 2888 1989 2973 conjuncti
2017 2888 2149 2954 ludi
2194 2891 2472 2977 publici,
2500 2903 2562 2958 et
2587 2893 2711 2981 ipsi

670 3006 819 3069 festa
844 3002 1131 3088 adpellati
1149 3051 1165 3084 ,
1196 3022 1311 3066 nec
1345 3023 1525 3086 parva
1553 3024 1689 3086 pars
1718 3011 1995 3067 veterum
2026 3003 2338 3090 religionis
2359 3056 2377 3089 ,
2403 3017 2700 3073 caeterum

669 3121 777 3186 alii
801 3115 1261 3183 extraordinarii
1285 3164 1302 3199 ,
1333 3115 1440 3179 alii
1468 3114 1785 3198 consueti,
1816 3114 2023 3202 iique,
2051 3128 2122 3182 ut
2147 3120 2521 3203 supra‘inter
2547 3122 2703 3188 festa

670 3235 890 3322 positi,
941 3242 1161 3296 statuto
1208 3230 1488 3316 plerique
1536 3239 1811 3313 tempore
1857 3242 2242 3297 recurrentes
2288 3232 2467 3323 (stati
2485 3230 2533 3321 ).
2590 3235 2706 3300 His

670 3345 1160 3436 quinquennales
1194 3341 1258 3431 1)
1303 3364 1552 3429 quoque
1582 3352 1643 3405 et
1689 3340 2055 3407 decennales
2080 3392 2097 3427 ,
2138 3365 2209 3409 ac
2229 3392 2247 3428 ,
2295 3344 2346 3408 si
2377 3345 2507 3410 voci
2538 3368 2710 3411 con—

673 3471 919 3550 grueret
961 3470 1204 3543 tempus
1229 3504 1246 3539 ,
1298 3456 1614 3521 saeculares
1653 3448 2106 3521 adnumerandi
2158 3459 2402 3541 forent,
2454 3458 2544 3521 illi
2569 3507 2588 3541 ,
2634 3460 2707 3526 in

665 3575 877 3640 numia
896 3574 1084 3639 etiam
1110 3571 1462 3655 memorati,
1493 3571 1653 3635 salvo
1674 3570 1949 3658 Principi
1973 3582 2106 3658 post
2133 3592 2333 3634 unum
2362 3568 2560 3635 (luove
2588 3572 2712 3639 im-

667 3692 823 3781 perii
868 3694 1058 3757 lustra
1085 3740 1102 3776 ,
1144 3690 1463 3755 saecularcs
1507 3699 1719 3754 autem
1766 3710 1883 3753 nec
1932 3689 2048 3754 sub
2095 3686 2430 3751 Coesaribus
2480 3673 2706 3757 eodem

671 3829 909 3891 semper
938 3805 1257 3871 intervallo
1282 3803 1526 3890 repetiti
1551 3799 1657 3891 2),
1683 3813 1745 3866 et
1774 3802 1841 3865 in
1870 3802 2059 3866 libera
2089 3800 2332 3864 civitate
2361 3800 2703 3887 interdum,

670 3921 1065 3985 monentibus
1104 3919 1275 3984 libris
1311 3919 1665 4007 Sibyllinis,
1713 3918 1780 3981 in
1819 3916 2066 4003 publica
2095 3916 2438 3981 calamitate
2481 3916 2703 3983 indicti

670 4033 1071 4097 inveniuntur
1102 4029 1169 4119 3)
1195 4082 1212 4116 ,
1242 4032 1434 4096 iidem
1466 4033 1613 4096 olim
1648 4033 1772 4096 Diti
1804 4041 1864 4096 et
1896 4029 2307 4117 Proserpinae,
2338 4042 2467 4117 post
2498 4031 2705 4119 pluri-
