3111 4829
1493 387 1746 471 (174)

612 505 754 558 nullo·
774 521 949 558 aarum
983 524 1154 562 nrum
1174 512 1490 582 Consul-'jou
1510 525 1602 567 ese.
1626 519 1703 569 Ct'.
1723 519 1847 569 Caes.
1865 519 1934 570 B.
1958 521 2016 574 C.
2041 519 2066 574 1
2089 557 2106 587 ,
2130 520 2182 576 ὖ.
2203 520 2328 586 -Ξῆ
2349 522 2428 576 Εἰ.-
2445 521 2626 591 Polyi».

613 593 783 660 o,12.
805 623 867 635 —
889 597 943 665 6)
963 599 1038 649 Cr.
1058 601 1161 651 Cic.
1181 605 1242 653 do
1263 604 1418 672 Low.
1441 607 1502 674 ὅ,
1524 607 1578 658 5.
1605 607 1837 687 -ηῦῐ,
1856 609 1961 662 Cic.
1978 611 2210 679 deLoqq.
2232 613 2295 678 ὅ,
2313 613 2346 663 7
2373 619 2425 664 et
2445 615 2529 666 16.

701 742 852 805 188.
907 742 1090 808 Domi
1149 766 1409 814 munere
1468 750 1795 837 fungentes
1818 799 1837 837 ,
1906 751 2242 840 imperium
2303 755 2620 843 fascesque

608 851 856 917 alternis
871 856 1182 922 mensibus
1201 859 1227 949 (
1239 860 1299 945 §.
1348 860 1544 950 186.)
1577 911 1595 947 ‚
1640 863 1955 931 interdum
1980 876 2042 931 et
2068 867 2190 932 alio
2237 867 2560 933 intervallo
2592 917 2611 953 ,

606 961 912 1033 habebant
931 992 950 1048 ;
971 969 1138 1035 unde
1155 958 1302 1036 cuin
1320 975 1617 1061 faecibus
1632 999 1768 1040 ecee
1793 974 1880 1063 1).
1917 978 2223 1044 Caeterum
2247 978 2622 1066 plerumque

611 1077 793 1142 ambo
839 1080 985 1145 foris
1035 1083 1267 1149 bellum
1317 1087 1612 1172 gerebant
1640 1137 1660 1173 ‚
1709 1089 2047 1174 provincias
2099 1089 2204 1178 (§.
2240 1092 2394 1154 244.
2418 1088 2445 1176 )
2470 1138 2488 1172 ‚
2531 1092 2628 1156 vel

611 1190 941 1259 mandante
976 1208 1187 1263 senatu
1209 1247 1228 1282 ,
1259 1200 1383 1283 vel,
1417 1200 1583 1287 quod
1615 1202 1807 1266 serius
1840 1225 1956 1268 usu
1977 1202 2184 1286 venit,
2214 1213 2370 1278 sorte
2411 1199 2481 1289 2)
2528 1205 2624 1268 vel

609 1309 1060 1391 comparatione
1088 1311 1429 1396 partiendas
1440 1313 1816 1401 designante.
1841 1315 2003 1381 Hinc
2028 1314 2370 1401 provincias
2391 1315 2593 1378 sortiri
2609 1359 2630 1394 ‚

611 1438 824 1501 parare
845 1468 863 1502 ‚
918 1443 1269 1510 comparare
1289 1475 1309 1511 ,
1356 1438 1515 1491 sorte
1541 1474 1562 1511 ,
1621 1429 2072 1513 comparatione
2137 1425 2409 1491 dividere
2434 1474 2460 1508 ,ν
2500 1435 2620 1491 etc.

610 1528 934 1599 Postremis
954 1547 1159 1602 tamen
1183 1539 1477 1606 libertatis
1526 1540 1904 1626 temporibus
1931 1588 1950 1624 ,
1982 1541 2306 1605 consulatu
2343 1538 2628 1625 plerique

612 1642 681 1707 in
711 1647 865 1712 urbe
914 1650 1241 1738 fungentes
1264 1702 1281 1736 ,
1349 1654 1416 1717 in
1475 1653 1816 1738 provincias
1869 1651 2318 1718 Proconsulum
2371 1651 2631 1716 nomine

613 1758 1033 1827 mittebantur.
1056 1765 1281 1828 Munus
1298 1764 1538 1829 inibant
1566 1766 1716 1831 olim
1732 1814 1752 1848 ‚
1780 1775 1852 1830 ut
1878 1766 1999 1830 alia
2015 1762 2083 1853 3)
2102 1814 2121 1848 ,
2141 1764 2357 1851 primis
2375 1764 2638 1848 saeculis,

614 1869 791 1935 initia
816 1873 1149 1957 mittamus,
1179 1873 1271 1940 ld.
1306 1876 1600 1942 Decemb.
1636 1874 1741 1964 4),
1770 1887 1905 1963 post
1943 1873 2040 1942 Id.
2062 1877 2239 1942 Mart.
2267 1922 2285 1959 ,
2326 1885 2631 1961 postremo
2686 1878 2690 1880 ’

620 1983 748 2048 Cal.
774 1985 910 2051 Jan.
938 1981 1007 2071 5)
1034 2010 1053 2070 ;
1106 1986 1390 2052 ineuntes
1420 1989 1489 2053 in
1523 1990 1691 2075 leges
1711 1989 2037 2074 jurabant,
2074 1987 2266 2061 iidem
2289 1986 2369 2052 ad
2387 1987 2634 2073 Capito·-

616 2094 774 2159 lium
796 2089 1030 2161 solenni
1052 2120 1272 2186 pompa
1291 2100 1634 2185 (processus
1655 2095 2361 2186 consularis)pergentes
2373 2115 2394 2181 ',
2420 2097 2637 2184 ibique

620 2208 1023 2275 sacrificantes
1054 2212 1141 2295 6).
1165 2212 1241 2277 In
1268 2213 1622 2279 solennibus
1648 2212 1832 2278 etiam
1870 2223 2189 2298 ponuntur
2208 2210 2546 2299 augurium
2567 2216 2638 2275 in

618 2320 750 2385 foro
772 2369 790 2405 ‚
816 2334 957 2389 ante
981 2325 1232 2392 Curiam
1251 2326 1622 2396 sacrificium
1645 2375 1664 2411 ,
1689 2325 1969 2391 muneris
2004 2349 2041 2392 a
2088 2346 2257 2390 servo
2285 2324 2648 2394 manumit-

620 2434 805 2525 tendo
833 2434 938 2525 (§.
961 2436 1110 2527 59.)
1132 2441 1474 2528 auspicium
1504 2442 1610 2525 7),
1636 2451 1733 2525 et,
1766 2448 2022 2526 peracto-
2055 2461 2220 2504 anno
2240 2487 2259 2524 ,
2298 2437 2647 2513 abdicantis

624 2562 1101 2637 sacramentum,
1138 2573 1202 2618 se
1230 2553 1676 2640 rempublicam
1702 2551 1826 2616 fide
1853 2550 2303 2617 administrasse
2324 2548 2418 2639 8).

686 2711 739 2778 1)
759 2711 836 2761 Cf,
859 2711 964 2761 Cic.
986 2714 1049 2761 do
1066 2710 1198 2777 nep.
1220 2712 1255 2762 2
1277 2749 1296 2778 ,
1317 2712 1376 2763 51
1402 2749 1420 2779 ,
1452 2711 1654 2778 Dionys.
1669 2711 1732 2775 5,
1769 2709 1807 2760 2
1823 2747 1841 2776 ‚
1864 2710 2000 2759 Suet.
2019 2711 2147 2761 σωκ.
2167 2710 2254 2760 90.
2278 2711 2408 2775 -9)
2429 2711 2505 2762 Cf.
2524 2712 2640 2763 Liv.

625 2799 659 2849 4
680 2834 698 2864 ,
720 2799 805 2849 37.
827 2799 955 2862 -3)
974 2799 1300 2851 capiamus.
1328 2825 1387 2843 ι-
1405 2801 1460 2868 4)
1507 2801 1587 2851 Cf.
1623 2799 1810 2864 Uul,
1831 2796 2059 2865 57.-5)
2090 2798 2169 2847 Gr.
2187 2798 2293 2850 Cio.
2312 2799 2452 2850 Pha.
2470 2800 2533 2865 2,
2555 2798 2641 2850 52.

627 2914 693 2929 —-
716 2888 864 2956 6)Cl'.
888 2890 1109 2942 ovidate
1138 2889 1353 2957 P.⁴‚4
1374 2889 1784 2958 ‚ffi-sqq.—7)
1809 2889 2069 2940 estham.
2093 2888 2246 2939 lare.
2269 2888 2645 2956 22,7,c1md.

628 2981 769 3032 Heu.
791 2982 849 3033 C.
866 2981 899 3033 4
915 3018 932 3049 ,
965 2982 1081 3035 813.
1104 3011 1169 3023 -
1186 2983 1240 3050 8)
1258 2983 1334 3033 Ct'.
1358 2984 1464 3034 Cic.
1484 2984 1558 3034 ad
1575 2983 1704 3035 mo.
1725 2980 1760 3033 5
1778 3017 1796 3048 ,
1828 2982 1863 3032 2
1879 3018 1896 3049 ,
1918 2980 2091 3047 ibique
2117 2980 2416 3031 lanutium.

720 3127 872 3195 189.
918 3127 1050 3194 Sub
1079 3127 1413 3193 Caesaribus
1443 3127 1782 3195 Consulum
1819 3124 2126 3219 potestatis
2159 3123 2383 3190 umbra
2403 3172 2422 3208 ,
2453 3122 2651 3190 honos

631 3250 839 3306 tamen
866 3262 1050 3328 super
1067 3253 1311 3308 caeteros
1335 3241 1728 3327 magistratus
1746 3290 1768 3325 ‚
1809 3240 1980 3307 novis
2014 3239 2202 3306 etiam
2225 3238 2602 3305 ornamentis
2624 3285 2646 3321 ,

631 3353 879 3419 relictus
918 3354 947 3445 (
977 3361 1019 3444 §
1049 3353 1248 3443 186.)
1286 3357 1370 3422 At
1412 3356 1598 3420 simul
1642 3355 1986 3431 imminuta,
2010 3352 2305 3442 dignitas,
2341 3351 2643 3437 paulatim

631 3467 912 3553 pluribus
941 3491 1052 3555 per
1091 3491 1329 3535 annum
1349 3518 1368 3555 ,
1400 3469 1567 3536 binis
1606 3480 1815 3534 tamen
1846 3490 2085 3555 semper
2104 3513 2133 3545 ,
2179 3464 2399 3533 creatis
2423 3511 2443 3545 ‚
2484 3459 2653 3525 unde

636 3580 930 3646 ordinarii
952 3630 970 3666 ‚
1012 3581 1247 3647 suffecti
1289 3579 1394 3669 1),
1449 3583 1634 3647 etiam
1654 3630 1673 3666 ,
1710 3582 1884 3646 nullo
1941 3601 2203 3646 munere
2226 3625 2245 3661 ,
2301 3571 2613 3640 honorarii
2636 3636 2655 3672 ,

636 3693 1009 3759 ornamentis
1029 3693 1450 3759 consularibus
1463 3692 1557 3781 2);
1611 3714 1735 3781 quo
1770 3691 2056 3761 trahendi
2076 3707 2322 3778 quoque
2347 3683 2615 3751 codicilli
2638 3737 2657 3773 ,

638 3818 932 3894 tanquam
958 3807 1287 3896 diplomata
1307 3805 1377 3898 3)
1399 3857 1416 3894 ‚
1438 3820 1500 3874 et
1520 3806 1807 3898 diptycha
1831 3804 1899 3896 4)
1920 3802 2261 3871 consularia
2309 3799 2335 3890 (
2347 3798 2407 3881 §.
2437 3801 2591 3868 424.
2625 3796 2652 3887 )

639 3918 915 3986 Ademtis
938 3970 955 4004 ,
1002 3934 1111 3989 aut
1138 3924 1336 4010 specie
1365 3935 1610 3989 tantum
1655 3921 1919 4004 relictis,
1970 3916 2147 4007 queis
2190 3916 2530 3983 Consulum
2583 3914 2655 3978 in

640 4031 835 4100 libera
876 4033 1116 4101 civitate
1149 4049 1407 4123 potestas
1461 4036 1826 4103 cernebatur
1850 4082 1868 4118 ‚
1924 4054 2080 4100 nova
2134 4029 2352 4099 iisdem
2389 4052 2686 4129 *munera*
