3111 4829
1554 401 1579 483 (
1621 402 1658 462 4
1701 402 1727 484 )

718 531 792 597 J.
817 531 900 597 H.
924 526 1285 618 Nieupoort
1307 530 1603 614 Rituum,
1628 535 1745 621 qui
1767 533 1924 597 olim
1948 530 2133 621 apud
2147 531 2470 598 Romanos
2486 532 2642 598 obti-

632 641 1295 728 nuerunt,’euooincta
1316 645 1696 732 explicatio,
1717 646 2014 730 Traejeeti
2037 646 2113 711 ad
2128 645 2425 711 Rhenum
2451 648 2644 730 1712,

632 758 790 823 liber
830 779 985 844 saepe
1022 757 1220 821 editus
1263 756 1288 845 (
1310 757 1580 829 Berolini
1633 760 1823 824 1784.
1867 758 2068 846 Lugd.
2109 759 2241 824 Bat.
2300 755 2541 845 1802.)
2587 767 2650 820 et

627 873 775 956 jure
807 871 1131 956 laudatu33
1164 871 1269 935 cui
1304 870 1643 957 jungenda}
1686 873 1754 938 C.
1803 872 1883 937 G.
1929 871 2255 936 Schwarzii
2301 871 2644 936 obeorvatt.

637 984 735 1049 ad
750 982 988 1072 Nieup.
1021 984 1472 1071 compendium
1506 984 1783 1074 Antiqq.
1817 984 2002 1050 Rom.
2035 1033 2054 1068 ,
2082 983 2365 1048 Altdorfii
2388 1032 2407 1067 ,
2440 987 2613 1051 1757
2634 1033 2655 1068 ‚

636 1109 698 1161 et
724 1100 1049 1184 Haymann
1077 1096 1601 1188 Anmerkunqen
1633 1122 1722 1163 zu
1736 1094 2134 1187 Nieupoortt
2154 1096 2649 1175 Altortltiimor,

635 1208 910 1273 Dresden
932 1256 959 1285 ,
991 1213 1184 1276 1786.

722 1319 808 1385 Η.
846 1320 1206 1411 ,Kippinyii
1238 1322 1744 1413 Antiquitatum
1783 1322 2240 1389 Romanarum
2283 1322 2444 1388 libri
2481 1344 2654 1411 qua-

633 1442 803 1517 tuor.
827 1432 1027 1534 Ludg.
1060 1434 1193 1501 Bat.
1227 1440 1422 1503 1713.

729 1545 1097 1637 Clu-iatoph.
1152 1548 1435 1616 Cellas-ii
1476 1551 1931 1639 compendium
1975 1550 2479 1639 Antiquitatum
2517 1545 2657 1613 Ro-

637 1684 1017 1729 manarum.
1055 1664 1289 1749 Saepius
1327 1667 1689 1752 vulgatum,
1718 1677 2019 1752 postremo
2050 1667 2332 1730 Zierizeae
2363 1688 2420 1730 a.
2458 1664 2657 1728 1817.

630 1775 773 1840 aG.
800 1776 867 1840 L.
893 1775 1135 1842 Mahne.
1172 1778 1331 1843 Cum
1356 1780 1515 1842 notis
1537 1779 1812 1844 Walchu
1834 1779 1931 1844 ed
1961 1783 2023 1844 3.
2056 1780 2304 1843 Halaea.
2337 1778 2532 1842 1774.

723 1888 825 1952 De
862 1887 1166 1955 Romana
1214 1866 1582 1979 Republica
1605 1904 1876 1959 —auet.
1912 1892 1980 1958 P.
2022 1893 2079 1959 J.
2119 1889 2414 1957 Cantelio.
2449 1888 2561 1955 Ed.
2592 1898 2657 1958 5.

511 2046 525 2071 ,
637 1998 958 2084 OEtrajecti
994 2025 1051 2067 a.
1091 2004 1283 2069 1707.

727 2112 963 2181 Fridr.
992 2113 1288 2183 Gruneri
1312 2117 1711 2183 introductio
1728 2120 1804 2183 in
1821 2114 1936 2182 An
1944 2117 2282 2204 tiquitatee
2297 2111 2660 2181 Romanae.

649 2229 821 2295 Jenae
841 2253 897 2295 a.
934 2231 1107 2298 1746
1136 2243 1197 2296 et
1222 2234 1415 2299 1782.

730 2337 974 2408 Mi'nimi
997 2346 1328 2412 voluminis

733 2455 932 2521 Petri
976 2457 1360 2524 Burmanni
1405 2461 1912 2549 Antiquitatum
1959 2458 2418 2526 Romanarum
2456 2457 2675 2523 brevic

646 2567 1018 2655 descriptio.
1051 2570 1224 2654 Saepe
1273 2569 1472 2653 edita,
1520 2592 1668 2636 cum
1710 2574 1870 2635 notis
1895 2571 2095 2634 Reizii
2116 2571 2332 2653 Lipsiae
2358 2591 2416 2632 a.
2443 2569 2668 2633 1’809.

744 2679 814 2743 C.
870 2677 950 2744 G.
995 2680 1235 2768 Heynii
1265 2681 1663 2769 Antiquitas
1708 2680 2052 2763 Romana,
2092 2684 2167 2745 in
2204 2682 2455 2767 primic
2473 2681 2672 2767 juris

649 2792 975 2871 Romani,
994 2796 1066 2859 in
1088 2817 1282 2860 usum
1301 2796 1649 2860 lectionum
1675 2793 2215 2868 academicus-um
2236 2792 2639 2859 adumbrata
2654 2841 2674 2879 ,

649 2906 1010 2992 Goettingae,
1039 2910 1233 2974 1779.

734 3021 1182 3088 Recentiorum
1228 3022 1462 3108 linguis
1505 3024 1849 3108 conscripta
1892 3020 1970 3087 de
2011 3019 2480 3108 antiquitatibus
2520 3021 2671 3085 Ro-

649 3136 850 3200 manis
890 3156 1075 3220 opera
1112 3136 1410 3220 posterius
1455 3137 1753 3225 pleraque
1775 3185 1792 3219 ‚
1841 3157 2034 3223 quam
2078 3136 2302 3219 latina,
2345 3134 2676 3203 novissimo

651 3260 862 3314 autem
885 3260 1161 3335 tempore
1191 3250 1382 3314 multa
1404 3299 1422 3336 ‚
1450 3252 1789 3337 praesertim
1813 3252 1878 3315 in
1900 3250 2231 3315 Germania
2254 3299 2270 3335 ,
2291 3250 2675 3337 prodierunt.

650 3363 739 3427 Ex
781 3360 877 3426 his
914 3384 1033 3426 usu
1060 3362 1447 3428 notissimum
1482 3365 1580 3430 Al.
1612 3364 1839 3430 Adami
1862 3413 1879 3448 ,
1910 3365 2233 3447 Britanni,
2275 3365 2377 3428 tho
2409 3361 2677 3428 'Roman

580 3477 584 3482 ’
653 3475 1066 3565 Antiquitiee
1085 3522 1110 3553 ‚
1138 3476 1393 3542 London
1430 3479 1595 3545 1791
1622 3491 1684 3545 et
1711 3482 1881 3547 1792
1906 3528 1923 3564 ‚
1946 3469 1981 3545 a
2006 3482 2065 3545 J.
2098 3481 2161 3544 L.
2195 3479 2399 3564 Meyer
2422 3476 2688 3543 Germa-

653 3589 794 3654 nica
844 3591 1173 3679 (Erlangae
1225 3593 1417 3659 1818.
1443 3589 1509 3680 ),
1565 3592 1733 3660 idem
1785 3594 2022 3659 Gallica
2071 3593 2285 3676 lingua
2329 3588 2448 3654 hoc
2496 3589 2677 3658 titulo

655 3703 1014 3787 vulgatum:

745 3813 1135 3903 Antiquitde
1156 3816 1513 3888 Romainee
1540 3845 1624 3888 ou
1652 3823 1916 3888 tableau
1959 3818 2072 3884 dee
2110 3839 2355 3882 moeure
2374 3865 2393 3901 ,
2436 3840 2678 3907 usaqee

662 3940 727 3993 et
762 3930 1170 3995 insuentium
1219 3934 1332 3999 de&
1377 3934 1743 4014 Romaine3
1788 3957 1895 4019 par
1935 3931 2275 3997 Alexandro
2314 3930 2534 3997 Adam.
2583 3969 2679 3982 -

659 4043 855 4127 PariS‚
890 4042 1060 4108 1818
1080 4054 1143 4107 et
1168 4048 1362 4111 1826.
1398 4049 1471 4112 [n
1499 4049 1732 4113 eaeteris
1761 4045 2186 4111 doctissimum
2215 4067 2369 4131 opus
