3111 4829
1306 406 1476 490 (9)

664 702 1429 792 ANTIQUITATUM
1493 706 2141 777 Romanarum

1206 921 1457 1004 PARS
1508 924 1567 1002 Ι.

559 1138 862 1194 nn’mul
915 1138 1223 1195 nonum
1285 1142 1694 1196 REGIONUM
1757 1142 2257 1198 coNsPEcrus.

499 1540 561 1603 8.
608 1539 951 1625 Imperium
997 1540 1426 1604 Romanorum
1472 1559 1508 1602 a
1573 1537 1836 1604 minima
1903 1540 2141 1604 circum
2206 1542 2429 1608 urbem

410 1653 644 1720 ditione
668 1702 685 1736 ‚
726 1654 841 1718 sub
878 1653 1127 1741 regibus
1163 1672 1539 1739 magnopere
1582 1663 1806 1737 aucta,
1844 1652 1949 1717 sed
1990 1654 2269 1720 Porsenae
2309 1658 2432 1721 foe-

413 1767 577 1835 deris
595 1767 1048 1833 conditionibus
1072 1816 1089 1850 ‚
1114 1778 1182 1832 ut
1203 1766 1459 1855 quidam
1498 1768 1717 1832 volunt
1744 1816 1762 1851 ‚
1804 1789 1934 1833 non
1956 1790 2178 1858 parum
2206 1770 2432 1832 immi-

413 1888 604 1956 nuta,
636 1877 701 1967 1)
733 1902 870 1944 mox
896 1890 1190 1966 perpetuo
1223 1878 1479 1967 quidem
1519 1880 1647 1945 fere
1665 1929 1683 1963 ,
1713 1879 1820 1943 sed
1847 1879 2089 1946 modice
2113 1930 2131 1966 ‚
2152 1904 2190 1946 a
2211 1883 2436 1948 saeculo

415 2006 627 2063 autem
660 1995 877 2082 quinto
918 2006 1185 2059 extremo
1211 2043 1228 2076 ,
1268 1993 1545 2078 subjecta
1576 1993 1711 2078 jam
1753 1993 1960 2077 Italia,
2005 1993 2085 2059 ad
2124 1994 2436 2060 Caesarum

416 2108 796 2195 principatus
837 2086 1019 2173 iniiia.
1055 2129 1128 2173 eo
1172 2107 1363 2171 crevit
1386 2154 1405 2189 ,
1452 2117 1523 2170 ut
1562 2107 1757 2170 trium
1800 2106 1963 2169 orbis
2005 2107 2243 2171 circum
2289 2130 2440 2173 me-

417 2222 838 2289 diterraneum
898 2240 1070 2285 mare
1119 2220 1391 2305 partium
1452 2219 1738 2304 regiones
1799 2219 2308 2301 complecteretur
2332 2268 2351 2303 ,
2404 2244 2441 2287 a

418 2336 850 2423 septentrione
898 2332 979 2396 ad
1020 2331 1382 2396 Danubium
1438 2343 1500 2396 et
1544 2329 1846 2395 Rhenum
1871 2378 1889 2413 ‚
1935 2330 2015 2394 ab
2060 2329 2317 2397 Oriente
2360 2335 2439 2400 ad

412 2448 776 2535 Euphraten
802 2495 820 2530 ‚
853 2469 890 2511 a
918 2444 1176 2511 Meridie
1208 2444 1288 2509 ad
1328 2444 1532 2532 Libyae
1577 2444 1813 2509 deserta
1838 2493 1856 2527 ,
1888 2444 1968 2510 ab
1998 2445 2334 2530 Occidente
2363 2450 2442 2514 ad

412 2582 720 2630 oceanum
766 2561 1147 2625 Atlanticum
1190 2569 1423 2644 patens.
1468 2556 1721 2622 Limites
1763 2579 1833 2623 ex
1864 2569 2035 2643 parte
2062 2560 2221 2625 ultra
2254 2563 2440 2629 etiam

411 2676 724 2764 protulere
779 2672 1042 2738 Caesares
1087 2696 1104 2737 ε
1158 2670 1460 2762 ekquibus
1503 2669 1824 2758 Augustus
1869 2672 2124 2759 Imperii
2169 2696 2439 2744 accura—

412 2790 634 2853 tiorem
696 2785 1055 2851 divisionem
1099 2784 1364 2848 instituit
1388 2832 1407 2866 ,
1461 2783 1539 2848 ab
1592 2783 1863 2848 Adriano
1927 2795 1989 2849 et
2039 2785 2435 2874 Constantino

406 2903 499 2971 M.
534 2901 701 2966 varie
742 2909 1040 2964 mutatam
1072 2894 1163 2985 2).
1209 2898 1412 2985 Igitur
1450 2897 1706 2984 Imperii
1744 2900 2053 2983 Romani,
2096 2921 2219 2987 quo
2263 2913 2435 2968 tem-

416 3036 565 3101 pore
603 3012 891 3079 latissime
943 3011 1175 3097 patuit,
1232 3010 1510 3097 regiones
1560 3011 1628 3074 in
1687 3011 1936 3097 Europa
1993 3011 2432 3101 distinguimus

416 3129 769 3215 Hispaniam
794 3175 811 3210 ,
857 3124 1160 3207 Galliam,
1208 3124 1592 3200 Britanniam
1618 3172 1636 3206 ,
1685 3125 1923 3190 Italiam
1947 3174 1964 3208 ‚
2020 3126 2301 3211 regiones
2349 3130 2434 3194 cis

415 3240 807 3323 Danubium,
845 3239 1124 3325 regiones
1159 3237 1321 3303 circa
1350 3240 1620 3324 AEgeum
1660 3248 1722 3302 et
1763 3239 2017 3324 nigrum
2059 3259 2247 3304 mare.

486 3402 536 3468 1)
560 3404 636 3453 ef.
663 3403 897 3453 Beant'ort
925 3417 1018 3449 sur
1034 3401 1386 3450 Placet-titudo
1416 3402 1478 3449 do
1499 3401 1657 3450 mist.
1683 3418 1809 3451 rom.
1836 3419 1887 3467 p.
1913 3402 1963 3451 2.
1991 3417 2038 3451 c.
2064 3400 2114 3449 8.
2139 3409 2191 3451 et
2212 3404 2432 3455 Niebuhr

414 3512 557 3547 roem.
576 3495 750 3544 Gesch.
767 3491 945 3559 prioris
955 3489 1075 3546 edit.
1094 3496 1134 3539 t.
1156 3489 1204 3539 1.
1229 3506 1281 3555 p.
1305 3490 1420 3541 257.
1435 3490 1670 3556 552—2)
1686 3490 1761 3539 Cf.
1786 3491 2032 3542 somsmt.
2053 3490 2216 3541 Noer't.
2237 3495 2372 3543 Gau.

412 3587 627 3637 initium.

386 3781 391 3796 ,
503 3736 565 3796 9.
614 3726 912 3813 Hispania
955 3725 1038 3815 (a
1064 3723 1328 3789 flumine
1353 3723 1558 3789 Iberia
1582 3771 1599 3805 ‚
1638 3746 1676 3788 a
1717 3725 1838 3786 situ
1875 3720 2236 3789 occidentali
2257 3729 2424 3796 Hes.-

413 3843 615 3936 peria)
646 3842 811 3905 inter
834 3860 1004 3903 mare
1043 3847 1105 3903 et
1140 3837 1539 3925 Pyrenaeum,
1581 3835 1660 3900 ab
1691 3833 1899 3900 Africa
1926 3834 2079 3899 freto
2123 3836 2423 3911 Gaditano

412 3952 807 4049 (Herculeo)
845 3952 1178 4018 dirimitur.
1216 3954 1303 4021 Ex
1332 3951 1467 4037 ejus
1494 3949 1859 4013 fluminibus
1896 3948 2110 4014 Iberus
2130 4001 2147 4034 ,
2179 3955 2243 4018 in
2275 3978 2423 4023 me..

414 4077 832 4142 diterrancum
853 4118 871 4152 ‚
896 4069 1120 4133 Minius
1141 4117 1157 4150 ,
1177 4068 1440 4150 DuriuS,
1464 4067 1666 4151 Tagus
1691 4116 1708 4149 ‚
1738 4064 1949 4153 Anas(
1973 4062 2335 4134 Gaudiana
2356 4072 2382 4158 )
2403 4121 2420 4153 ,

2059 4176 2098 4233 2
