3111 4829
1322 436 1344 516 (
1386 432 1502 495 273
1535 433 1570 514 ·)

437 573 505 625 ut
535 563 600 627 in
649 568 846 632 causis
876 569 1420 634 centumviralibus
1442 619 1459 654 ,
1500 570 1585 634 sic
1634 569 1794 634 inter
1820 567 2173 639 voluntarias
2200 561 2453 663 'quoque

429 674 873 758 jurisdictionis
891 731 908 765 ,
939 705 1090 770 quos
1120 706 1299 769 supra
1328 682 1631 766 diximus,
1659 684 1933 750 solennes
1958 679 2127 753 actus
2152 688 2237 778 (§.
2267 687 2451 779 271.)

436 788 550 851 sub
583 789 919 858 Caesaribus
939 795 1171 883 diuque
1201 819 1328 861 esse
1357 806 1618 862 retentas
1650 793 1740 885 3).

507 950 558 1018 1)
581 952 639 1002 Ρ.
663 954 729 1004 50
750 962 801 1006 et
820 957 903 1006 51.
924 986 984 996 —-
1005 958 1057 1025 2>
1084 961 1168 1010 Do
1193 959 1337 1009 Orat.
1364 960 1421 1024 1,
1444 958 1609 1009 38.—
1629 957 1682 1026 3)
1700 960 1762 1008 V.
1789 960 1917 1025 Dup.
1942 978 1992 1027 p.
2016 961 2100 1013 51.

527 1091 735 1160 2715·
802 1096 976 1182 Legis
1006 1098 1274 1161 actiones
1299 1121 1333 1162 a
1354 1098 1513 1182 juris
1538 1097 1943 1183 prudentibus
1968 1112 2099 1165 tum
2133 1104 2458 1172 introduc-

433 1214 524 1266 tas
550 1201 812 1269 diximus
830 1255 847 1288 ,
880 1228 1075 1293 quum
1102 1205 1212 1272 soli
1236 1206 1475 1292 patricii
1505 1205 1668 1272 hanc
1696 1204 2011 1276 scientiam
2037 1211 2326 1283 habuere.
2358 1218 2456 1285 Ad

433 1314 543 1380 hos
579 1316 730 1382 adeo
762 1318 1018 1403 plebeJis
1054 1319 1219 1405 apud
1259 1321 1648 1406 magistratus
1683 1317 1826 1404 jure
1854 1326 2120 1409 acturis,
2157 1339 2340 1416 atque
2383 1355 2456 1397 eo

434 1432 631 1517 magis
661 1432 1103 1498 recurrendum
1131 1444 1296 1516 erat,
1324 1456 1446 1520 quo
1474 1432 1708 1498 valdius
1734 1438 2139 1504 metuendum
2158 1490 2175 1524 ,
2201 1465 2281 1508 ne
2307 1447 2460 1532 quid

434 1554 643 1609 contra
689 1547 1065 1632 praescriptas
1109 1547 1411 1633 formulas
1454 1558 1751 1633 actusque
1783 1548 2095 1634 facerent3
2150 1576 2413 1641 quorum
2438 1605 2457 1641 ,

432 1666 583 1721 teste
615 1659 797 1743 Cajo,
849 1662 887 1722 4
912 1708 929 1741 ,
977 1663 1095 1742 30,
1125 1659 1176 1723 is
1217 1659 1336 1723 fuit
1384 1659 1814 1725 observationis
1844 1659 2005 1745 rigor
2029 1711 2047 1746 ,
2089 1677 2159 1729 ut
2198 1667 2302 1731 vel
2341 1672 2459 1754 qui

433 1773 784 1836 minimum
816 1779 1150 1849 errasset,
1193 1771 1375 1837 litem
1409 1772 1717 1861 perderet
1754 1773 1837 1864 l).

522 1884 662 1949 Huc
704 1884 892 1950 altera
917 1935 934 1969 ,
973 1908 1087 1951 cur
1117 1885 1513 1972 patriciorum
1544 1908 1727 1972 opera
1752 1887 2059 1975 litigantes
2091 1914 2297 1958 carere
2329 1917 2457 1961 non

433 2009 711 2082 possent,
743 2021 922 2065 causa
950 1999 1296 2066 accedebat.
1343 2000 1494 2064 Nota
1538 1999 1706 2064 enim
1745 2023 1840 2066 res
1879 2015 2008 2086 est,
2047 2006 2455 2093 multiplicem

430 2112 593 2198 apud
618 2113 932 2178 Romanos
950 2113 1286 2178 obtinuisse
1308 2111 1573 2196 dierum,
1594 2135 1734 2199 quae
1755 2115 1921 2178 fastis
1934 2110 2021 2204 (§.
2048 2121 2176 2183 334
2195 2121 2455 2207 21:359.)

427 2226 811 2308 continetur,
836 2224 1323 2306 distinctionem,
1352 2224 1517 2288 unde
1546 2223 1650 2288 hic
1695 2225 2031 2290 notandum
2049 2277 2066 2311 ,
2094 2229 2261 2316 quod
2287 2233 2421 2296 aliis
2441 2282 2460 2317 ,

430 2337 615 2420 fastis,
638 2336 879 2419 licebat,
893 2336 1046 2418 aliis,
1067 2335 1332 2419 nefastis,
1355 2357 1477 2398 non
1496 2334 1721 2398 licebat
1727 2333 1831 2419 jus
1854 2335 2078 2402 dicere.
2098 2341 2241 2404 Haec
2263 2341 2458 2429 igitur

429 2452 670 2518 dierum
698 2452 845 2517 ratio
868 2475 903 2515 a
925 2450 1345 2534 Pontificibus,
1369 2450 1670 2537 quisastos
1696 2462 1757 2515 et
1785 2452 2133 2519 condebant
2155 2466 2216 2520 et
2241 2469 2454 2523 custo-

429 2564 680 2630 diebant
701 2615 717 2648 ,
746 2564 1041 2651 petenda3
1071 2587 1340 2652 cumque
1386 2564 1634 2629 illorum
1662 2576 1847 2652 atque
1877 2569 2130 2633 omnino
2161 2574 2457 2656 patricio-

427 2703 591 2763 rum,
612 2680 792 2765 cujus
810 2680 923 2767 ipsi
943 2703 1210 2767 quoque,
1227 2678 1460 2744 ordinis
1482 2680 1798 2744 interesset
1814 2682 2085 2767 plebejos
2104 2707 2137 2748 a
2157 2685 2451 2753 fastorum

427 2796 776 2882 cognitione
799 2818 1007 2860 arcere
1033 2792 1125 2879 2),
1145 2804 1380 2858 tantum
1407 2792 1504 2857 his
1531 2795 2017 2878 consulentibus,
2041 2809 2347 2882 quantum
2370 2802 2453 2866 ad

427 2909 697 2994 singulas
721 2932 816 2972 res
843 2929 1125 2991 necesse,
1153 2908 1432 2993 patricios
1468 2919 1679 2971 contra
1707 2906 1863 2971 nihil
1888 2910 2155 2973 celantes
2179 2959 2196 2993 ‚
2226 2913 2455 2996 prode-

435 3020 617 3105 bant,
642 3021 935 3108 religione
966 3020 1056 3108 3),
1082 3033 1149 3085 ut
1172 3022 1435 3085 maxime
1459 3021 1816 3104 conjicereS,
1845 3022 2023 3104 cujus
2052 3033 2182 3086 tum
2214 3046 2457 3090 summa

431 3134 729 3199 Romanis
773 3136 1107 3200 reverentia
1136 3183 1153 3217 ,
1190 3135 1283 3198 vel
1314 3132 1470 3219 ipsos
1509 3134 1814 3197 Tribunos
1837 3183 1852 3213 ,
1891 3135 2227 3220 quominus
2266 3136 2459 3201 dam—

430 3271 593 3313 nosae
621 3249 811 3335 plebis
839 3248 1201 3335 ignorantiae
1221 3244 1454 3309 mederi
1483 3243 1803 3326 auderent,
1836 3244 2208 3330 impediente
2235 3271 2250 3311 :
2286 3249 2455 3334 quod

432 3364 480 3426 si
513 3385 730 3445 parum
763 3360 1089 3442 credibile,
1122 3371 1227 3424 aut
1252 3357 1649 3445 patriciorum
1685 3357 1836 3422 adeo
1866 3358 1969 3423 hic
2001 3360 2280 3425 fraudem
2308 3365 2458 3427 nul-

431 3478 556 3542 lam
581 3478 770 3541 fuisse
796 3488 1119 3562 putemuS,
1147 3497 1270 3539 non
1297 3473 1433 3537 ideo
1459 3474 1700 3559 minus,
1729 3476 2136 3560 ignorantiam
2165 3476 2339 3540 istam
2356 3526 2373 3560 ,
2401 3490 2465 3541 ct

432 3613 468 3655 a
508 3593 773 3676 patriciis
811 3590 1080 3677 plebejos
1132 3589 1437 3674 litigantes
1474 3587 1639 3651 diem
1685 3599 1888 3673 petere
1925 3585 1991 3675 4)
2034 3590 2411 3654 consuevisse
2436 3640 2457 3673 ,

435 3725 507 3765 ex
546 3705 619 3767 iis
647 3752 666 3787 ,
706 3727 844 3793 quae
871 3703 949 3768 de
979 3704 1144 3767 fastis
1185 3701 1463 3789 legisque
1491 3701 1837 3765 actionibus
1878 3701 2200 3787 publicatis
2230 3715 2462 3768 veteres

439 3815 736 3881 tradidere
757 3867 775 3902 ,
807 3816 1122 3883 constabit.

503 3952 554 4017 1)
580 3952 729 4002 Velut
745 3989 760 4017 ,
782 3959 840 4002 ut
870 3953 1001 4004 idem
1025 3953 1056 4003 4
1075 3990 1091 4019 ,
1118 3952 1172 4001 11
1197 3988 1213 4016 ,
1240 3953 1328 4016 qui
1359 3952 1420 4000 do
1445 3951 1632 3999 vitatu
1654 3951 1867 3999 succisis
1889 3954 1962 4000 ita
1984 3954 2161 4015 eqs‘ssst
2175 3989 2193 4015 ‚
2218 3961 2277 4002 ut
2297 3957 2354 4003 ἐκ
2376 3973 2461 4006 ac-

437 4045 571 4091 tione
605 4045 728 4091 vites
749 4046 1066 4111 nominaret,
1103 4059 1400 4109 responsum
1414 4042 1525 4105 fuit
1540 4077 1559 4107 ,
1595 4058 1699 4090 rem
1718 4043 2002 4107 perdidisse
2022 4079 2038 4107 ‚
2061 4046 2187 4107 quia
2219 4044 2465 4096 debuisset

437 4132 637 4183 arbores
660 4136 955 4199 nominor-s,
978 4151 1033 4186 eo
1053 4173 1068 4201 ,
1091 4136 1228 4199 quod
1247 4136 1325 4185 lex
1345 4133 1479 4187 XII
1498 4133 1795 4185 tabidarum
1810 4170 1825 4199 ,
1850 4150 1909 4184 es
1928 4148 2033 4198 qua
2055 4133 2116 4180 de
2140 4134 2325 4183 ritibus
2344 4151 2461 4183 suc-

2051 4223 2132 4282 35
