3111 4829
1511 419 1535 501 (
1575 415 1696 477 200
1736 417 1761 496 )

635 550 1028 636 praesentium
1051 547 1128 613 ad
1151 549 1323 632 jussa
1357 546 1640 612 facienda
1673 543 1773 633 1),
1807 545 2273 632 comprehensi,
2303 557 2366 612 et
2401 548 2467 611 in
2499 567 2660 632 pro-

633 664 848 728 vinciis
875 662 1128 748 quidam
1170 672 1415 724 statores
1456 661 1639 724 etiam
1667 709 1684 744 ,
1732 670 2028 747 tanquam
2069 671 2292 725 stantes
2331 660 2409 726 ad
2444 662 2611 745 jussa
2644 710 2661 743 ,

634 778 921 863 adpellati
946 773 1036 864 2),
1063 787 1354 841 caeterum
1383 797 1618 856 omnes,
1646 774 1924 860 quamvis
1947 796 2019 838 ex
2045 774 2262 840 infima
2283 774 2659 856 conditione,

632 893 812 955 liberi
846 904 1089 972 tamen,
1120 891 1239 953 nisi
1281 912 1478 953 servos
1508 889 1786 974 publicos
1828 887 1954 951 huc
1986 887 2301 951 trahamus
2322 936 2340 969 ,
2382 911 2456 953 ac
2505 910 2663 973 saepe

634 1005 1022 1092 magistratus
1044 1004 1248 1068 liberti
1279 1002 1380 1090 3);
1404 1003 1508 1066 sed
1533 1000 1956 1088 distinguendi
1984 1001 2061 1064 ab
2082 1001 2217 1065 aliis
2234 1050 2251 1083 ,
2277 1002 2387 1088 qui
2411 1002 2662 1086 publice

634 1118 1036 1183 addebantur.
1066 1118 1236 1181 Inter
1261 1114 1684 1180 ministrorum
1714 1136 1937 1199 genera
1963 1124 2301 1178 occurrunt
2328 1113 2542 1177 scribae
2571 1112 2661 1201 4),

634 1232 702 1296 in
728 1228 1005 1298 decurias
1033 1229 1136 1317 5),
1161 1241 1223 1293 et
1248 1231 1409 1293 inter
1432 1230 1820 1314 magistratus
1851 1239 2005 1293 sorte
2031 1228 2208 1292 divisi
2237 1226 2328 1316 6),
2362 1230 2441 1294 ab
2463 1231 2662 1316 iisque

634 1369 869 1412 nomen
910 1345 1199 1410 habentes
1223 1393 1240 1427 ,
1272 1343 1441 1407 unde
1478 1343 1672 1408 scriba
1715 1342 2086 1424 consularis,
2126 1344 2472 1428 praetorius,
2506 1366 2659 1408 cen-

635 1463 830 1526 sorius
854 1509 871 1542 ‚
911 1459 1015 1522 alii
1044 1454 1147 1544 7);
1181 1478 1488 1542 praecones
1516 1453 1620 1542 8),
1665 1467 1725 1518 et
1760 1455 1875 1540 ipsi
1899 1454 2114 1519 officiis
2137 1457 2326 1539 varii,
2361 1457 2426 1520 in
2459 1457 2658 1521 comi-

634 1576 735 1640 tiis
757 1624 774 1658 ‚
816 1574 880 1636 in
912 1582 1125 1635 senatu
1153 1617 1171 1653 ,
1210 1570 1468 1655 aliisque
1511 1569 2103 1655 congregationibus
2130 1620 2147 1652 ‚
2176 1569 2240 1634 in
2269 1572 2659 1637 auctionibus

634 1685 735 1778 (ᾗ.
767 1681 960 1770 100.)
988 1683 1173 1746 etiam
1194 1680 1572 1766 judiciisque
1614 1690 1677 1743 et
1720 1680 2042 1745 funeribus
2073 1679 2616 1767 &proclamantes
2644 1736 2662 1768 ,

630 1799 1070 1886 proedicantes3
1112 1804 1418 1859 coactores
1453 1790 1594 1878 10),
1637 1792 1829 1856 iidem
1865 1794 2199 1859 collectarii
2228 1796 2407 1880 dicti,
2457 1797 2662 1864 debita

633 1914 757 1977 sive
805 1911 882 1975 ab
930 1907 1352 1989 auctionibus,
1394 1906 1517 2004 sive
1567 1905 1716 1969 alias
1745 1916 2072 1992 cogentes,
2115 1909 2165 1974 i.
2207 1933 2263 1976 e.
2310 1911 2617 1995 exigentes
2642 1960 2660 1992 ,

632 2026 987 2111 colligentes
1035 2018 1189 2107 11);
1256 2020 1499 2083 lictores
1561 2016 1683 2104 12)
1709 2067 1726 2102 ,
1782 2019 2151 2086 Consulibus
2175 2073 2191 2106 ,
2248 2026 2614 2089 Praetoribus
2641 2076 2658 2106 ‚

632 2141 886 2207 omnino
919 2135 1247 2222 imperium
1274 2131 1648 2197 habentibus
1686 2131 2076 2218 adparentes,
2098 2156 2369 2222 cumque
2394 2140 2659 2205 fascibus

632 2254 1099 2333 antecedentes,
1150 2250 1480 2336 obviosque
1526 2248 1923 2313 observantias
1959 2298 1976 2331 ,
2026 2271 2148 2336 quo
2210 2251 2512 2319 trahenda
2550 2278 2660 2320 vox

636 2367 1163 2433 animadvertere
1210 2359 1309 2452 (§.
1345 2367 1493 2428 186.
1522 2360 1592 2451 )‚
1638 2363 2038 2429 admonentes
2071 2362 2223 2453 13),
2267 2366 2455 2432 iidem
2483 2368 2662 2433 dam-
2770 2442 2780 2451 θ

642 2493 817 2547 natos
860 2502 1073 2566 poena,
1102 2476 1362 2566 (virgiS,
1406 2476 1788 2561 verberibus,
1827 2478 2025 2542 securi
2053 2475 2116 2563 ,)
2143 2477 2495 2544 adiicientes
2526 2480 2656 2567 14).

706 2694 757 2754 1)
776 2693 852 2740 Cf.
877 2692 1011 2740 Serv.
1037 2689 1098 2738 sd
1121 2691 1242 2738 AEn.
1267 2687 1361 2754 12,
1395 2688 1528 2755 851,
1567 2690 1693 2738 Gen.
1721 2690 1806 2755 10,
1850 2690 1911 2751 5,
1953 2691 2099 2754 Sigon
2138 2694 2198 2739 dc
2238 2694 2362 2740 Ant.
2403 2693 2531 2742 Juro
2564 2697 2663 2744 cir.

633 2779 787 2834 Rom.
812 2784 845 2833 2
865 2820 880 2847 ,
911 2783 972 2831 15
992 2818 1009 2846 ,
1033 2782 1205 2830 Creuz.
1236 2777 1520 2849 §.17431112
1543 2798 1665 2829 voce
1689 2782 1944 2844 culpor-itio
1966 2782 2072 2829 Cic.
2097 2780 2168 2830 ad
2197 2780 2445 2845 Dic-15,
2471 2782 2566 2845 54,
2597 2787 2669 2832 od

636 2873 887 2937 Qutnerr.
910 2873 968 2934 1,
1006 2872 1028 2920 1
1053 2908 1069 2933 ,
1109 2870 1140 2919 4
1160 2908 1174 2931 ,
1196 2872 1308 2936 mp.
1331 2872 1535 2921 Panda.
1562 2871 1622 2933 4,
1642 2870 1702 2931 2,
1723 2871 1786 2918 23
1804 2907 1819 2932 ‚
1838 2870 1888 2919 s.
1908 2852 2040 2935 -‘2)
2075 2871 2151 2919 cr.
2168 2870 2369 2920 Patron.
2402 2872 2574 2935 satyr.
2608 2890 2665 2921 ο.

634 2958 732 3013 120
753 3000 768 3025 ,
804 2963 909 3010 Cic.
935 2963 1006 3010 ad
1027 2962 1152 3010 Dic.
1175 2961 1234 3023 2,
1263 2959 1322 3009 17
1340 2997 1354 3022 ,
1379 2961 1492 3023 Ulp.
1520 2961 1724 3010 Pandd.
1749 2960 1810 3024 4,
1841 2961 1934 3025 16,
1973 2960 2051 3010 10.
2069 2988 2132 3001 -
2151 2960 2203 3022 3)
2227 2961 2302 3010 Cf.
2327 2963 2493 3027 Sigon.
2517 2965 2554 3012 l.
2576 2981 2624 3013 c.
2649 3002 2666 3028 ‚

634 3054 720 3102 Cic
741 3055 809 3103 od
829 3054 1011 3117 Quint.
1030 3052 1103 3114 [ν.
1131 3051 1152 3099 1
1171 3088 1189 3119 ,
1227 3051 1253 3099 1
1273 3087 1288 3114 ,
1321 3050 1370 3099 4.
1391 3078 1453 3089 -—
1474 3051 1527 3110 4)
1551 3051 1622 3099 De
1644 3060 1767 3099 voce
1788 3059 1839 3099 et
1857 3068 2063 3102 munere
2096 3054 2162 3101 cs.
2201 3053 2330 3101 Fest.
2357 3054 2408 3101 in
2441 3055 2632 3103 scribas
2648 3091 2669 3120 ,

633 3143 720 3192 Cic
750 3143 898 3191 Vm.
922 3139 982 3205 3,
1003 3141 1087 3190 79.
1111 3142 1242 3200 -5)
1263 3140 1324 3188 V.
1347 3142 1577 3209 Sclrwarz
1612 3141 1674 3189 ad
1705 3142 1884 3206 Nieup.
1916 3159 1968 3207 p.
1996 3142 2109 3192 190.
2128 3140 2189 3182 -’
2212 3143 2264 3206 6)
2300 3144 2376 3192 Cf.
2409 3145 2514 3193 Cic.
2552 3146 2666 3195 Cot.

633 3231 696 3296 4,
717 3233 769 3280 7.
790 3259 853 3270 -
874 3231 928 3290 7)
950 3232 1025 3280 Ct‘.
1049 3232 1154 3280 Cic.
1183 3231 1331 3279 Ver-r.
1349 3230 1410 3293 3,
1441 3228 1524 3294 80,
1546 3231 1682 3279 Suet.
1710 3230 1865 3297 Vesp.
1887 3233 1939 3281 ὅ.
1959 3260 2023 3273 -
2045 3232 2096 3296 8)
2127 3233 2202 3282 Cf.
2229 3233 2349 3283 Hor.
2375 3233 2485 3284 Sol.
2507 3233 2565 3298 1,
2599 3235 2634 3283 6
2652 3271 2668 3297 ,

632 3321 718 3371 86.
737 3348 799 3361 -
817 3322 871 3379 9)
890 3318 964 3368 Cf.
985 3322 1129 3369 Varr.
1153 3322 1214 3369 ds
1234 3320 1298 3369 L.
1315 3320 1377 3369 L.
1400 3321 1438 3368 l.
1460 3320 1509 3369 4.
1535 3336 1587 3385 p.
1609 3322 1758 3369 38.-
1783 3318 1865 3378 10)
1886 3322 1962 3371 Cf.
1981 3323 2102 3373 Hor.
2120 3325 2156 3372 l.
2178 3339 2247 3386 c.,
2265 3324 2369 3372 Cic.
2385 3341 2442 3387 p.
2463 3322 2663 3378 duent.

633 3408 717 3459 04.
735 3438 796 3448 —
820 3409 902 3474 11)
920 3409 997 3457 Cf.
1017 3410 1151 3458 Suet.
1179 3407 1233 3456 V
1229 3425 1336 3473 ssp.
1359 3409 1382 3457 1
1407 3446 1422 3471 ‚
1440 3413 1724 3458 coactiones
1747 3416 2068 3474 arqentors'as
2081 3413 2337 3475 factitavit
2354 3447 2368 3473 ,
2393 3416 2445 3458 et.
2458 3410 2665 3459 Pondd·

633 3500 727 3563 40,
749 3501 781 3548 7
797 3538 812 3563 ,
837 3500 900 3548 40
914 3536 929 3561 ,
955 3496 999 3567 §.
1023 3497 1084 3563 8,
1109 3502 1434 3563 arqentor-ius
1454 3506 1655 3548 coactor
1674 3517 1837 3564 quum
1855 3518 2005 3566 poens
2030 3509 2182 3552 totam
2200 3501 2465 3563 fortunam
2489 3503 2548 3549 ἐκ
2570 3517 2667 3560 πο,

632 3591 860 3639 minibus
880 3588 1080 3637 haberet
1092 3622 1110 3652 ,
1136 3593 1235 3635 etc.
1255 3615 1317 3625 —
1340 3587 1422 3651 12)
1448 3588 1518 3636 De
1536 3588 1673 3637 Voce
1692 3590 1760 3638 cs.
1795 3591 1925 3639 Gen.
1951 3592 2014 3640 12
2029 3628 2043 3653 ,
2064 3591 2097 3639 5
2115 3627 2130 3651 ‚
2151 3590 2237 3638 ubi
2257 3625 2272 3650 ‚
2297 3587 2526 3636 Tironem
2543 3590 2666 3638 Tul·

584 3742 587 3745 Ι
630 3676 754 3725 lium
769 3715 785 3740 ,
802 3677 1052 3726 Ciceronis
1066 3676 1303 3726 libertum
1318 3714 1335 3740 ,
1353 3677 1623 3743 scripsisse,
1645 3680 1874 3729 lictorem
1891 3680 1969 3728 vel
1988 3694 2016 3727 a
2032 3680 2151 3727 limo
2167 3678 2244 3725 vel
2261 3692 2289 3725 a
2307 3676 2424 3725 licio
2439 3677 2631 3727 dictum
2646 3694 2663 3744 ς

633 3763 751 3813 licio
774 3769 912 3815 enim
935 3774 1215 3815 mmmm
1231 3803 1247 3830 ‚
1272 3769 1409 3831 quod
1432 3769 1613 3817 limum
1646 3770 1939 3833 adpellata?
1952 3803 1971 3832 ,
1995 3770 2091 3832 φη·
2119 3765 2499 3830 moqs‘stroes'bus
2525 3782 2664 3833 μνω-

633 3856 1021 3921 ms‘sss'stmbant,
1046 3857 1237 3906 cinctos
1258 3858 1426 3907 fuisse.
1453 3858 1519 3906 At
1553 3859 1656 3922 ipse
1673 3858 1857 3909 Gellius
1877 3864 2117 3920 tanquam
2137 3856 2289 3919 virgis
2312 3856 2662 3908 eaedendorum

633 3958 807 3990 manus
827 3948 879 3991 et
912 3960 1059 3992 crura
1091 3946 1329 4011 ligantes,
1364 3948 1465 3995 sive
1487 3947 1758 3996 vincientes
1778 3984 1793 4008 ‚
1818 3947 2013 3994 lictores
2040 3951 2238 3993 vocatos
2268 3948 2482 4011 mavult,
2503 3948 2664 4013 Valgii

636 4031 745 4078 Rufi
768 4069 782 4094 ,
817 4047 965 4094 quam
998 4033 1178 4097 refert,
1213 4014 1505 4083 senten-tiam
1540 4051 1769 4097 sequens.
1790 4033 2082 4081 Plutarchus
2100 4033 2282 4093 (Rom.
2313 4035 2397 4083 26.
2426 4051 2477 4100 p.
2498 4035 2618 4094 34.)
2644 4073 2660 4098 ,

633 4139 804 4170 vocem
840 4138 867 4169 a
900 4122 1098 4185 ligando
1121 4125 1374 4192 derivans,
1400 4127 1531 4174 idem
1569 4133 1731 4174 tamen
1758 4123 1994 4188 conjicit,
2030 4123 2233 4175 fortasse
2257 4125 2393 4190 prius
2428 4128 2623 4175 lictores
2643 4161 2660 4182 .,
