3111 4829
1524 404 1552 483 (
1591 403 1672 464 70
1713 404 1738 481 )

618 554 758 597 mus
777 581 796 617 ‚
816 533 1146 601 imminuto
1165 538 1300 622 jam
1324 537 1537 603 veteris
1558 536 1794 602 militine
1812 534 2044 601 honore
2061 580 2080 619 ‚
2104 534 2264 600 cives
2286 532 2635 619 promiscue

616 646 767 732 legit
798 648 1024 714 Marius
1054 648 1122 737 2)
1145 699 1163 734 ‚
1187 673 1326 738 quae
1354 673 1491 719 mox
1518 649 1705 715 ethis
1735 646 1843 737 3),
1869 661 1931 714 et
1954 658 2255 735 postremo
2279 647 2454 713 sociis
2480 670 2638 735 quo-

617 780 739 845 que
780 761 1050 828 remissa.
1087 764 1189 829 Sic
1227 764 1416 850 copiae
1463 775 1781 851 utcunque
1819 785 1856 827 e
1888 762 2126 829 civibus
2168 773 2232 827 et
2258 763 2601 849 peregrinis
2620 812 2640 844 ‚

616 872 831 937 exteris
873 876 1057 939 etiam
1104 874 1171 963 4)
1192 923 1211 959 ,
1240 888 1301 941 et
1337 876 1597 943 labentis
1648 876 1900 963 Imperii
1947 887 2222 961 tempore
2287 898 2323 939 e
2361 875 2641 940 barbaris

616 985 879 1050 maxime
911 988 1083 1052 lectae
1125 987 1235 1076 5),
1269 991 1454 1054 servis
1482 1002 1690 1056 tamen
1737 1002 1869 1055 tum
1900 1012 2147 1078 quoque
2168 989 2422 1056 exclusis
2453 986 2546 1076 6).

704 1098 960 1165 Tributa
988 1112 1050 1165 et
1080 1103 1398 1189 vectigalia
1436 1105 1739 1190 complexi
1776 1125 1989 1169 sumus
2013 1103 2214 1190 capite
2242 1101 2321 1167 de
2356 1102 2643 1187 vectiga-

624 1208 788 1273 libus
818 1209 917 1299 (§.
946 1211 1115 1303 389)
1140 1238 1156 1280 z
1210 1238 1348 1303 quae
1379 1239 1579 1303 quum
1608 1218 1727 1283 alia
1767 1226 1967 1282 essent
1994 1216 2224 1281 civium
2248 1265 2266 1300 ‚
2309 1215 2427 1281 alia
2458 1236 2646 1300 pere-

621 1321 941 1408 grinorum
965 1392 971 1399 .
995 1327 1247 1424 Imperii
1299 1331 1644 1396 incolarum
1667 1379 1686 1415 ‚
1736 1340 1922 1417 atque
1974 1329 2094 1395 alia
2141 1327 2239 1394 his
2269 1377 2287 1412 ‚
2340 1327 2460 1393 alia
2514 1326 2645 1391 iuis

620 1434 981 1521 imponendi
1009 1452 1071 1506 et
1090 1441 1196 1527 jus
1229 1455 1293 1508 et
1320 1444 1503 1528 ratio,
1544 1445 1632 1509 sic
1657 1465 1784 1509 non
1811 1442 2073 1509 absurde
2100 1442 2180 1510 ad
2210 1441 2468 1508 civitatis
2491 1441 2639 1525 jura

620 1547 955 1620 trahuntur
976 1604 995 1640 ,
1032 1579 1069 1623 a
1101 1560 1417 1625 nonnullis
1445 1571 1651 1625 tamon
1682 1580 1807 1624 non
1835 1557 2257 1624 adnumerata.

688 1686 741 1754 ι)
774 1688 1001 1743 creon.
1036 1692 1622 1761 1o‚1o.-s)cr.sau.
1647 1694 1788 1746 Ba.
1822 1693 2355 1759 sanarum-z>
2391 1692 2651 1741 ennem-

622 1772 797 1824 aianu·
815 1778 849 1826 2
867 1814 885 1842 ,
903 1780 956 1828 2.
976 1807 1036 1817 -
1057 1780 1111 1845 4)
1131 1782 1195 1830 v.
1212 1782 1358 1831 nain.
1379 1785 1519 1848 App.
1540 1783 1655 1833 158.
1678 1811 1740 1821 -
1757 1782 1811 1847 5)
1845 1783 1922 1831 cr.
1956 1782 2140 1848 spana.
2163 1782 2286 1832 ers.
2315 1780 2466 1831 Rom.
2483 1781 2549 1844 2,
2566 1780 2655 1841 21,

626 1864 792 1914 Amm.
820 1866 1137 1933 numana
1161 1907 1177 1934 ‚
1206 1870 1564 1921 cunamen
1608 1872 1632 1921 ι
1656 1907 1674 1937 ,
1701 1872 1797 1936 ns,
1827 1869 2131 1935 zosima-4,
2164 1870 2257 1933 ao,
2298 1869 2534 1933 31.-e)
2571 1869 2654 1916 cr.

628 1952 1012 2023 Plin.Ep.1o,
1036 1959 1120 2010 39.

717 2073 829 2138 77.
877 2074 1027 2140 Jure
1061 2078 1333 2166 suffragii
1363 2079 1523 2145 cives
1560 2078 1829 2145 Romani
1867 2077 2189 2165 participes
2232 2085 2406 2141 erant
2434 2072 2655 2158 reipu-

631 2186 809 2251 blicae
860 2190 1146 2277 regendae
1174 2241 1193 2277 ,
1240 2194 1502 2258 comitiis
1557 2192 1656 2283 (ς.
1710 2190 1897 2281 147.)
1944 2192 2020 2256 de
2067 2192 2250 2256 rebus
2306 2188 2383 2254 ad
2431 2186 2649 2274 populi

550 2300 563 2321 ⁸
633 2313 989 2385 potestatem
1038 2307 1484 2392 pertinentibus
1533 2306 1895 2394 suffragium
1941 2306 2222 2372 serentes.
2277 2299 2648 2367 Pulcherri-

637 2438 812 2482 mum
851 2416 970 2483 boc
1011 2430 1072 2484 et
1116 2421 1362 2484 nonnisi
1396 2422 1642 2506 optimae
1668 2421 1926 2486 civitatis
1955 2420 2098 2505 jus,
2140 2438 2264 2505 quo
2302 2414 2653 2501 municipes

636 2529 820 2591 ctiam
871 2528 1335 2617 distinguuntur
1384 2531 1479 2618 (§.
1531 2528 1750 2615 115),
1799 2552 2154 2617 quanquam
2209 2539 2271 2593 et
2317 2539 2460 2592 ante
2500 2549 2650 2592 eum

635 2641 815 2726 Syllae
849 2640 1093 2705 libidini
1136 2642 1426 2726 subjectis
1461 2643 1724 2708 comitiis
1748 2691 1767 2725 ,
1814 2643 2048 2727 primus
2087 2640 2405 2703 imminuit
2449 2639 2655 2703 Caesar
2735 2715 2738 2718 ¹

634 2753 906 2818 Dictator
935 2800 953 2835 ‚
1000 2752 1289 2818 Consules
1314 2803 1332 2838 ‚
1373 2765 1433 2818 et
1475 2755 1854 2840 reliquorum
1897 2751 2369 2839 magistratuum
2411 2761 2654 2838 partem

635 2862 764 2949 ipse
800 2863 1012 2950 legens
1056 2861 1144 2951 1).
1166 2863 1483 2951 Augustus
1519 2865 1906 2951 magistratus
1956 2864 2181 2950 populo
2205 2911 2225 2948 ,
2264 2884 2389 2928 non
2440 2873 2654 2929 tamen

635 2978 876 3063 integro
929 2976 1074 3061 jure
1125 2976 1390 3043 reddidit
1434 2977 1462 3068 (
1481 2977 1543 3063 §.
1585 2974 1827 3064 228.)‚
1875 2999 1913 3041 a
1959 2975 2202 3040 Tiberio
2244 2974 2323 3041 ad
2370 2985 2656 3041 senatum

638 3090 951 3155 translatos
995 3090 1104 3179 2);
1156 3102 1458 3178 postremo
1508 3091 1577 3155 in
1620 3089 2048 3155 brevissimum
2089 3099 2333 3175 tempus
2386 3089 2657 3154 restituit

640 3201 918 3289 Caligula
950 3202 1051 3292 3).
1100 3204 1290 3292 Leges
1341 3203 1606 3269 comitiis
1643 3203 1757 3268 sub
1798 3202 2077 3290 Augusto
2116 3203 2302 3269 etiam
2338 3204 2474 3269 latae
2509 3204 2662 3288 plu-

640 3316 844 3400 rimae,
873 3317 988 3381 sub
1018 3317 1261 3382 Tiberio
1290 3316 1429 3382 duae
1469 3327 1709 3383 tantum
1731 3316 1951 3400 ,Junia
1973 3317 2257 3383 Norbana
2284 3327 2346 3382 et
2369 3315 2621 3385 Visellia
2638 3365 2661 3399 ,

639 3442 1005 3515 occurrunt3
1043 3453 1182 3519 quae
1224 3442 1432 3497 autem
1471 3441 1605 3517 post
1647 3430 1964 3496 Tiberium
2000 3430 2377 3519 paucissimae
2411 3447 2662 3491 memo-

645 3557 898 3631 rantur,
929 3545 1007 3612 de
1026 3544 1123 3611 his
1162 3545 1548 3629 dubitatum,
1583 3563 1804 3610 verene
1842 3546 2010 3632 leges
2048 3544 2172 3609 sive
2205 3538 2416 3628 populi
2451 3542 2661 3624 jussa,

654 3681 735 3722 an
773 3661 974 3744 potius
1011 3659 1529 3746 senatusconsulta
1569 3658 1803 3724 fuerint
1845 3655 1936 3741 4).

729 3773 840 3836 Jus
880 3774 1229 3859 honorum,
1269 3775 1454 3860 vulgo
1489 3774 1654 3839 inter
1699 3771 1990 3860 primaria
2032 3790 2179 3834 cum
2218 3767 2519 3855 suflragiis
2554 3790 2670 3855 po-

645 3884 864 3968 situm,
925 3889 1003 3951 ad
1059 3889 1446 3975 magistratus
1483 3898 1547 3953 et
1584 3885 1912 3952 sacerdotia
1954 3885 2268 3966 referunt3
2314 3882 2392 3948 de
2433 3883 2668 3971 quibus

645 3997 901 4082 singulis
949 4020 1059 4062 nos
1090 4000 1225 4094 aliis
1272 3999 1424 4064 locis
1474 3989 1884 4085 exposuimus.
1934 3996 2211 4061 Tertium
2266 4018 2463 4083 genus
2511 4017 2665 4062 cum

645 4110 914 4177 Nitschio
941 4109 1177 4196 fingere
1208 4112 1394 4195 possis
1425 4111 1559 4178 sine
1597 4111 1957 4197 magistratu
1995 4110 2326 4197 imperium
2358 4108 2444 4197 (§.
2479 4109 2668 4200 245.)
