3111 4829
1581 410 1608 493 (
1649 410 1779 472 162
1805 409 1832 493 )

798 544 946 610 177.
997 546 1088 610 De
1118 544 1476 610 auctoritate
1507 555 1783 630 senatus,
1805 543 2146 609 tenendum
2168 593 2186 629 ,
2219 543 2384 633 quod
2407 544 2504 636 (§.
2537 541 2719 633 146.)

699 661 984 743 diximus,
1008 660 1362 745 reipublicae
1383 669 1739 745 potestatem
1761 658 1924 723 inter
1942 669 2229 723 senatum
2252 669 2315 723 et
2336 659 2633 745 populum
2656 668 2721 722 et

697 773 940 862 Regem
959 773 1143 837 fuisse
1165 770 1438 836 divisam.
1463 771 1625 858 Regi
1639 819 1657 855 ,
1682 783 1926 837 senatus
1944 770 2187 858 praesidi
2211 820 2229 857 ‚
2251 772 2459 839 relicta
2476 772 2721 859 religio-

640 884 645 897 '
694 888 814 972 nis,
831 908 1096 970 morum,
1119 884 1402 972 jurisque
1421 884 1680 950 dicundi
1708 908 1881 971 cura,
1901 897 1963 951 et
1983 887 2050 951 in
2068 885 2230 951 bello
2253 886 2586 972 imperium
2616 881 2718 972 1);

692 1004 921 1089 populo
979 1001 1269 1087 permissa
1329 1000 1799 1087 magistratuum
1840 1001 2064 1066 creatio
2083 1051 2100 1085 ,
2151 998 2390 1087 judicia
2415 999 2680 1087 publica
2699 1047 2718 1085 ,

690 1126 755 1182 et
784 1140 930 1183 cum
970 1127 1214 1181 caeteras
1232 1165 1250 1199 ‚
1288 1125 1424 1179 tum
1464 1113 1541 1180 de
1565 1115 1725 1180 bello
1749 1138 1823 1181 ac
1852 1137 2001 1202 pace
2024 1117 2190 1203 leges
2208 1138 2244 1180 a
2265 1114 2719 1201 magistratibus

687 1230 1022 1317 propositas
1038 1229 1262 1310 jubere
1291 1239 1399 1296 aut
1427 1241 1632 1294 vetare
1660 1227 1765 1316 2);
1789 1231 1996 1315 quain
2018 1253 2085 1296 re
2106 1250 2246 1309 quae
2267 1226 2453 1291 suerit
2475 1237 2718 1292 senatus

689 1340 1018 1406 auctoritas
1043 1387 1061 1421 ,
1121 1340 1200 1401 de
1258 1343 1521 1401 comitiis
1581 1350 1830 1423 agentes
1880 1336 2336 1403 declaravimus.
2393 1338 2717 1404 Crescente

684 1452 901 1542 populi
929 1451 1260 1543 imminuta
1288 1459 1533 1515 senatus
1567 1460 1826 1535 potestas
1848 1498 1866 1534 ‚
1895 1450 2001 1514 cui
2020 1448 2273 1536 quidem
2306 1450 2401 1514 lex
2430 1450 2676 1516 Horatia
2696 1498 2715 1534 ,

684 1569 768 1636 ab
810 1566 1130 1632 Hortensio
1177 1563 1429 1650 repetita
1461 1560 1558 1654 (§.
1599 1559 1788 1651 170.)
1812 1611 1831 1646 ,
1881 1561 2039 1626 nihil
2079 1572 2299 1649 praeter
2325 1562 2717 1629 administra-

685 1684 921 1749 tionem
952 1701 1291 1766 curamque
1333 1678 1652 1764 reliquisse
1693 1675 1935 1741 videtur
1956 1723 1976 1757 ‚
2018 1676 2248 1762 quippe
2276 1679 2447 1743 nulla
2481 1677 2609 1763 jam
2645 1701 2715 1745 re

686 1798 1022 1866 tribunitiis
1062 1792 1479 1880 rogationibus
1518 1812 1647 1854 non
1686 1789 1977 1874 subjecta.
2022 1786 2141 1853 Sed
2177 1811 2381 1877 neque
2411 1792 2672 1877 populus
2695 1842 2714 1877 ,

684 1921 989 2001 quantum
1004 1907 1150 1993 jure
1171 1905 1440 1971 licuisset
1476 1904 1544 1967 in
1580 1914 1860 1969 senatum
1883 1952 1900 1986 ‚
1930 1912 2038 1968 aut
2067 1925 2251 1968 ausus
2272 1915 2378 1969 aut
2405 1917 2713 1971 assecutus

687 2037 779 2092 est
814 2023 840 2115 (
855 2023 916 2108 §.
944 2017 1141 2108 229.)
1167 2068 1184 2104 ,
1211 2020 1362 2084 etin
1388 2028 1553 2083 vasto
1576 2016 1841 2102 Imperio
1863 2016 2151 2081 Romano
2166 2064 2184 2099 ‚
2214 2027 2287 2080 ut
2306 2027 2461 2082 stare
2482 2029 2711 2103 posset,

686 2163 931 2210 necesse
960 2138 1080 2205 fuit
1109 2136 1305 2201 multa
1333 2132 1526 2220 hujus
1546 2131 1796 2197 arbitrio
1816 2129 2085 2217 relinqui
2117 2127 2208 2218 3).

755 2330 817 2397 1)
840 2328 917 2379 Cf.
936 2327 1138 2390 Dionys.
1159 2323 1225 2390 2,
1249 2322 1311 2372 1⁴
1328 2358 1347 2387 ‚
1370 2316 1748 2388 Creuz.§.133.
1771 2344 1831 2355 -
1852 2316 1915 2381 Ξ)
1939 2315 2016 2366 cf.
2037 2314 2214 2381 Polyb.
2233 2316 2267 2368 6
2283 2353 2300 2381 ,
2325 2317 2407 2369 1⁴.
2428 2318 2561 2384 -8)
2587 2319 2715 2370 Hine

686 2423 816 2474 bene
833 2419 1027 2468 Heereu
1052 2410 1293 2480 (Handb.
1329 2411 1421 2459 der
1454 2410 1636 2460 Gosch.
1667 2425 1720 2473 p.
1744 2406 2061 2472 422.)‚1ego
2077 2404 2276 2456 norati·
2297 2407 2455 2458 videri
2474 2410 2713 2475 populum

686 2510 1109 2573 omnipotentem3
1132 2502 1218 2551 sed
1232 2499 1487 2549 historiam
1506 2497 1810 2561 Romanam,
1835 2502 1892 2544 ut
1912 2496 2112 2545 omnino
2133 2495 2404 2545 liberarum
2428 2498 2714 2565 civitatum,

686 2597 858 2648 multis
870 2591 1102 2657 exemplis
1118 2589 1336 2652 docere,
1360 2602 1512 2651 quam
1534 2592 1722 2635 temere
1740 2584 1971 2634 credatur
1983 2586 2238 2652 ‚cujusvis
2258 2586 2379 2652 legis
2395 2590 2598 2654 perlato
2610 2590 2715 2642 vim

687 2683 920 2755 plenam
905 2698 961 2732 m
975 2681 1126 2732 rehu·
1140 2674 1498 2729 oon-tintenias·
1517 2673 1805 2724 obtinuisse.

787 2850 933 2915 178.
983 2845 1084 2910 Sic
1133 2862 1392 2907 munera
1436 2839 1704 2926 juraque
1748 2846 1990 2900 senatus
2039 2857 2147 2900 suo
2202 2858 2330 2902 aevo
2372 2835 2675 2907 definiens
2696 2893 2716 2927 ,

690 2962 982 3052 Polybius
1016 2956 1077 3048 1)
1113 2958 1178 3021 in
1203 2956 1277 3020 iis
1299 2954 1500 3040 posuit
1521 2951 1719 3016 aerarii
1747 2959 2140 3037 potestatem,
2169 2952 2557 3037 publicorum
2588 2956 2716 3022 fla-

698 3079 989 3169 gitiorum
1015 3095 1125 3160 per
1147 3069 1386 3136 Italiam
1423 3065 2011 3132 animadversionem
2035 3113 2054 3148 ,
2087 3086 2426 3153 curamque
2457 3070 2718 3155 privatos

701 3205 763 3261 et
809 3190 1080 3258 civitates
1134 3181 1492 3272 protegendi
1518 3230 1536 3266 ,
1592 3202 1930 3266 eorumque
1987 3181 2447 3248 necessitatibus
2492 3185 2717 3250 subve-

697 3304 944 3387 niendi,
965 3300 1233 3387 denique
1261 3297 1594 3384 legationes
1610 3295 1689 3360 ad
1717 3306 1945 3361 exteras
1968 3306 2215 3383 gentes,
2243 3306 2471 3363 etcum
2499 3321 2715 3364 earum

695 3421 915 3510 legatis
937 3416 1014 3481 de
1034 3414 1217 3481 rebus
1236 3410 1501 3500 publicis
1525 3409 2023 3497 disceptationem
2042 3459 2061 3493 ,
2082 3408 2161 3475 de
2184 3410 2408 3498 quibus
2428 3411 2719 3478 omnibus

699 3545 979 3615 senatus,
1015 3551 1132 3596 nec
1171 3528 1379 3592 minus
1408 3525 1485 3590 de
1515 3547 1583 3589 re
1615 3525 1858 3589 militari
1887 3523 2085 3612 deque
2107 3523 2270 3610 pacis
2286 3522 2718 3613 foederumque

700 3644 1153 3716 conditionibus
1172 3691 1189 3724 ‚
1218 3643 1582 3729 plerumque
1605 3689 1622 3723 ,
1655 3661 1779 3704 non
1812 3639 2180 3724 interrogato
2202 3635 2426 3721 populo
2452 3634 2560 3725 2),
2591 3651 2718 3706 sta-

698 3761 930 3826 tuebat.
957 3758 1049 3823 De
1065 3754 1317 3842 judiciis
1340 3753 1575 3819 senatui
1612 3733 1917 3839 permissis
1951 3773 2004 3816 v.
2042 3746 2097 3829 S.
2130 3749 2277 3812 269.
2310 3747 2398 3812 Ita
2431 3771 2539 3835 par
2563 3751 2722 3837 suit,

702 3873 1064 3960 dignitatem
1104 3868 1469 3934 senatoriam
1497 3888 1644 3931 cum
1681 3866 1747 3930 in
1779 3861 2089 3949 republica
2120 3882 2356 3947 semper
2383 3884 2712 3952 magnam,

703 4001 837 4052 tum
858 4033 875 4066 ‚
904 3995 1082 4048 aucto
1112 3984 1484 4047 immensum
1514 3978 1781 4065 Imperio
1823 3976 2104 4041 Romano
2126 4021 2144 4056 ‚
2189 3996 2298 4060 per
2324 3975 2537 4042 orbem
2569 3992 2712 4045 ter-

689 4118 908 4168 rarum
955 4095 1387 4179 amplissimam
1415 4091 1649 4157 haberi.
1685 4091 1846 4155 Hinc
1882 4086 2291 4174 amplissimus
2313 4137 2331 4173 ,
2371 4093 2710 4177 maximus,
