<?xml version="1.0" encoding="UTF-8"?>
<!DOCTYPE html PUBLIC "-//W3C//DTD XHTML 1.0 Transitional//EN"
    "http://www.w3.org/TR/xhtml1/DTD/xhtml1-transitional.dtd">
<html xmlns="http://www.w3.org/1999/xhtml" xml:lang="en" lang="en">
 <head>
  <title>
</title>
<meta http-equiv="Content-Type" content="text/html;charset=utf-8" />
  <meta name='ocr-system' content='tesseract 3.04.00' />
  <meta name='ocr-capabilities' content='ocr_page ocr_carea ocr_par ocr_line ocrx_word'/>
</head>
<body>
  <div class='ocr_page' id='page_1' title='image "./antiquitatesrom00dirkgoog_0351.png"; bbox 0 0 3111 4829; ppageno 0'>
   <div class='ocr_carea' id='block_1_1' title="bbox 1499 372 1752 456">
    <p class='ocr_par' dir='ltr' id='par_1_1' title="bbox 1499 372 1752 456">
     <span class='ocr_line' id='line_1_1' title="bbox 1499 372 1752 456; baseline 0 -22"><span class='ocrx_word' id='word_1_1' title='bbox 1499 372 1752 456; x_wconf 79' lang='lat'><strong>(312)</strong></span> 
     </span>
    </p>
   </div>
   <div class='ocr_carea' id='block_1_2' title="bbox 607 501 2699 2978">
    <p class='ocr_par' dir='ltr' id='par_1_2' title="bbox 607 501 2699 2978">
     <span class='ocr_line' id='line_1_2' title="bbox 616 501 2648 592; baseline 0 -21"><span class='ocrx_word' id='word_1_2' title='bbox 616 504 897 571; x_wconf 74' lang='lat' dir='ltr'>fecerunt</span> <span class='ocrx_word' id='word_1_3' title='bbox 927 501 1023 592; x_wconf 89' lang='lat'>1);</span> <span class='ocrx_word' id='word_1_4' title='bbox 1055 525 1171 588; x_wconf 72' lang='lat' dir='ltr'>nec</span> <span class='ocrx_word' id='word_1_5' title='bbox 1195 504 1320 588; x_wconf 78' lang='lat' dir='ltr'>alio</span> <span class='ocrx_word' id='word_1_6' title='bbox 1349 501 1674 585; x_wconf 86' lang='lat' dir='ltr'>trahendi,</span> <span class='ocrx_word' id='word_1_7' title='bbox 1703 524 1857 591; x_wconf 90' lang='lat' dir='ltr'>quos</span> <span class='ocrx_word' id='word_1_8' title='bbox 1896 526 1931 569; x_wconf 89' lang='lat' dir='ltr'>a</span> <span class='ocrx_word' id='word_1_9' title='bbox 1960 504 2378 570; x_wconf 76' lang='lat' dir='ltr'>novensilibus</span> <span class='ocrx_word' id='word_1_10' title='bbox 2396 502 2648 580; x_wconf 82' lang='lat' dir='ltr'>,distin-</span> 
     </span>
     <span class='ocr_line' id='line_1_3' title="bbox 619 609 2646 706; baseline 0.001 -25"><span class='ocrx_word' id='word_1_11' title='bbox 619 609 755 704; x_wconf 86' lang='lat' dir='ltr'>guit</span> <span class='ocrx_word' id='word_1_12' title='bbox 832 617 1035 704; x_wconf 85' lang='lat' dir='ltr'>Livius</span> <span class='ocrx_word' id='word_1_13' title='bbox 1084 619 1212 706; x_wconf 88' lang='lat'>2),</span> <span class='ocrx_word' id='word_1_14' title='bbox 1280 616 1367 681; x_wconf 90' lang='lat' dir='ltr'>dii</span> <span class='ocrx_word' id='word_1_15' title='bbox 1428 616 1773 703; x_wconf 84' lang='lat' dir='ltr'>indigetes3</span> <span class='ocrx_word' id='word_1_16' title='bbox 1840 639 1964 705; x_wconf 90' lang='lat' dir='ltr'>quo</span> <span class='ocrx_word' id='word_1_17' title='bbox 2019 617 2278 682; x_wconf 89' lang='lat' dir='ltr'>nomine</span> <span class='ocrx_word' id='word_1_18' title='bbox 2359 617 2646 684; x_wconf 78' lang='lat' dir='ltr'>universe</span> 
     </span>
     <span class='ocr_line' id='line_1_4' title="bbox 617 730 2647 817; baseline 0.001 -23"><span class='ocrx_word' id='word_1_19' title='bbox 617 730 926 817; x_wconf 63' lang='lat' dir='ltr'>indigenas</span> <span class='ocrx_word' id='word_1_20' title='bbox 956 731 1034 798; x_wconf 91' lang='lat' dir='ltr'>ab</span> <span class='ocrx_word' id='word_1_21' title='bbox 1061 731 1312 797; x_wconf 80' lang='lat' dir='ltr'>aliunde</span> <span class='ocrx_word' id='word_1_22' title='bbox 1348 730 1620 795; x_wconf 87' lang='lat' dir='ltr'>inductis</span> <span class='ocrx_word' id='word_1_23' title='bbox 1652 730 2117 814; x_wconf 74' lang='lat' dir='ltr'>discernuntur,</span> <span class='ocrx_word' id='word_1_24' title='bbox 2149 731 2408 796; x_wconf 78' lang='lat' dir='ltr'>arctiore</span> <span class='ocrx_word' id='word_1_25' title='bbox 2433 743 2647 798; x_wconf 86' lang='lat' dir='ltr'>autem</span> 
     </span>
     <span class='ocr_line' id='line_1_5' title="bbox 616 835 2650 935; baseline 0.001 -29"><span class='ocrx_word' id='word_1_26' title='bbox 616 845 780 909; x_wconf 73' lang='lat' dir='ltr'>vocis</span> <span class='ocrx_word' id='word_1_27' title='bbox 807 866 991 910; x_wconf 87' lang='lat' dir='ltr'>sensu</span> <span class='ocrx_word' id='word_1_28' title='bbox 1029 844 1244 910; x_wconf 88' lang='lat' dir='ltr'>heroes</span> <span class='ocrx_word' id='word_1_29' title='bbox 1288 840 1643 935; x_wconf 80' lang='lat' dir='ltr'>(semones)</span> <span class='ocrx_word' id='word_1_30' title='bbox 1675 844 1797 908; x_wconf 86' lang='lat' dir='ltr'>sive</span> <span class='ocrx_word' id='word_1_31' title='bbox 1826 842 2105 909; x_wconf 88' lang='lat' dir='ltr'>homines</span> <span class='ocrx_word' id='word_1_32' title='bbox 2149 835 2311 908; x_wconf 81' lang='lat' dir='ltr'>inter</span> <span class='ocrx_word' id='word_1_33' title='bbox 2347 844 2492 909; x_wconf 87' lang='lat' dir='ltr'>deos</span> <span class='ocrx_word' id='word_1_34' title='bbox 2533 868 2650 910; x_wconf 90' lang='lat' dir='ltr'>re·-</span> 
     </span>
     <span class='ocr_line' id='line_1_6' title="bbox 615 954 2663 1047; baseline 0.002 -27"><span class='ocrx_word' id='word_1_35' title='bbox 615 957 722 1021; x_wconf 88' lang='lat' dir='ltr'>lati</span> <span class='ocrx_word' id='word_1_36' title='bbox 769 954 858 1046; x_wconf 86' lang='lat'>3).</span> <span class='ocrx_word' id='word_1_37' title='bbox 901 957 1074 1022; x_wconf 86' lang='lat' dir='ltr'>Tales</span> <span class='ocrx_word' id='word_1_38' title='bbox 1109 957 1274 1046; x_wconf 82' lang='lat' dir='ltr'>apud</span> <span class='ocrx_word' id='word_1_39' title='bbox 1301 958 1618 1022; x_wconf 84' lang='lat' dir='ltr'>Romanos</span> <span class='ocrx_word' id='word_1_40' title='bbox 1652 968 1981 1021; x_wconf 81' lang='lat' dir='ltr'>censentur</span> <span class='ocrx_word' id='word_1_41' title='bbox 2021 957 2213 1022; x_wconf 84' lang='lat' dir='ltr'>Janus</span> <span class='ocrx_word' id='word_1_42' title='bbox 2266 956 2359 1047; x_wconf 84' lang='lat'>(§.</span> <span class='ocrx_word' id='word_1_43' title='bbox 2408 954 2663 1045; x_wconf 82' lang='lat'><strong>287.),.</strong></span> 
     </span>
     <span class='ocr_line' id='line_1_7' title="bbox 612 1065 2649 1160; baseline 0 -26"><span class='ocrx_word' id='word_1_44' title='bbox 612 1065 834 1153; x_wconf 86' lang='lat' dir='ltr'>Picus,</span> <span class='ocrx_word' id='word_1_45' title='bbox 869 1072 1113 1135; x_wconf 81' lang='lat' dir='ltr'>Faunus</span> <span class='ocrx_word' id='word_1_46' title='bbox 1153 1082 1214 1134; x_wconf 89' lang='lat' dir='ltr'>et</span> <span class='ocrx_word' id='word_1_47' title='bbox 1243 1071 1506 1153; x_wconf 84' lang='lat' dir='ltr'>AEneas‚</span> <span class='ocrx_word' id='word_1_48' title='bbox 1543 1071 1723 1135; x_wconf 82' lang='lat' dir='ltr'>Pater</span> <span class='ocrx_word' id='word_1_49' title='bbox 1763 1081 1825 1135; x_wconf 84' lang='lat' dir='ltr'>et</span> <span class='ocrx_word' id='word_1_50' title='bbox 1861 1070 2101 1156; x_wconf 85' lang='lat' dir='ltr'>Jupiter</span> <span class='ocrx_word' id='word_1_51' title='bbox 2148 1070 2401 1158; x_wconf 83' lang='lat' dir='ltr'>Indiges</span> <span class='ocrx_word' id='word_1_52' title='bbox 2442 1069 2533 1160; x_wconf 82' lang='lat'>4).</span> <span class='ocrx_word' id='word_1_53' title='bbox 2562 1072 2649 1136; x_wconf 89' lang='lat' dir='ltr'>Iis</span> 
     </span>
     <span class='ocr_line' id='line_1_8' title="bbox 612 1180 2642 1274; baseline 0.001 -27"><span class='ocrx_word' id='word_1_54' title='bbox 612 1183 861 1266; x_wconf 83' lang='lat' dir='ltr'>Quirini</span> <span class='ocrx_word' id='word_1_55' title='bbox 904 1184 1154 1248; x_wconf 88' lang='lat' dir='ltr'>nomine</span> <span class='ocrx_word' id='word_1_56' title='bbox 1198 1185 1447 1250; x_wconf 88' lang='lat' dir='ltr'>accessit</span> <span class='ocrx_word' id='word_1_57' title='bbox 1485 1184 1796 1249; x_wconf 84' lang='lat' dir='ltr'>Romulus</span> <span class='ocrx_word' id='word_1_58' title='bbox 1840 1183 1934 1274; x_wconf 62' lang='grc' dir='ltr'>(ς.</span> <span class='ocrx_word' id='word_1_59' title='bbox 1985 1180 2220 1273; x_wconf 84' lang='lat'><strong>286.);</strong></span> <span class='ocrx_word' id='word_1_60' title='bbox 2265 1206 2384 1249; x_wconf 89' lang='lat' dir='ltr'>nec</span> <span class='ocrx_word' id='word_1_61' title='bbox 2416 1185 2642 1251; x_wconf 85' lang='lat' dir='ltr'>diversi</span> 
     </span>
     <span class='ocr_line' id='line_1_9' title="bbox 611 1296 2646 1390; baseline 0.001 -29"><span class='ocrx_word' id='word_1_62' title='bbox 611 1296 843 1361; x_wconf 79' lang='lat' dir='ltr'>ordinis</span> <span class='ocrx_word' id='word_1_63' title='bbox 883 1297 1139 1364; x_wconf 81' lang='lat' dir='ltr'>Caesares</span> <span class='ocrx_word' id='word_1_64' title='bbox 1170 1296 1285 1362; x_wconf 90' lang='lat' dir='ltr'>diis</span> <span class='ocrx_word' id='word_1_65' title='bbox 1322 1296 1532 1362; x_wconf 89' lang='lat' dir='ltr'>additi.</span> <span class='ocrx_word' id='word_1_66' title='bbox 1584 1296 1945 1361; x_wconf 61' lang='lat' dir='ltr'>Graecorum</span> <span class='ocrx_word' id='word_1_67' title='bbox 1986 1320 2163 1383; x_wconf 88' lang='lat' dir='ltr'>porro</span> <span class='ocrx_word' id='word_1_68' title='bbox 2209 1297 2471 1390; x_wconf 86' lang='lat' dir='ltr'>deorum</span> <span class='ocrx_word' id='word_1_69' title='bbox 2517 1298 2646 1364; x_wconf 91' lang='lat' dir='ltr'>huc</span> 
     </span>
     <span class='ocr_line' id='line_1_10' title="bbox 610 1408 2645 1508; baseline -0 -32"><span class='ocrx_word' id='word_1_70' title='bbox 610 1408 917 1476; x_wconf 81' lang='lat' dir='ltr'>referendi</span> <span class='ocrx_word' id='word_1_71' title='bbox 950 1411 1157 1508; x_wconf 80' lang='lat' dir='ltr'>Castor</span> <span class='ocrx_word' id='word_1_72' title='bbox 1184 1422 1244 1475; x_wconf 91' lang='lat' dir='ltr'>et</span> <span class='ocrx_word' id='word_1_73' title='bbox 1276 1412 1487 1475; x_wconf 81' lang='lat' dir='ltr'>Pollux</span> <span class='ocrx_word' id='word_1_74' title='bbox 1510 1459 1527 1493; x_wconf 93' lang='lat'>,</span> <span class='ocrx_word' id='word_1_75' title='bbox 1563 1410 1858 1475; x_wconf 87' lang='lat' dir='ltr'>Hercules</span> <span class='ocrx_word' id='word_1_76' title='bbox 1894 1421 1955 1475; x_wconf 87' lang='lat' dir='ltr'>et</span> <span class='ocrx_word' id='word_1_77' title='bbox 1980 1411 2388 1497; x_wconf 83' lang='lat' dir='ltr'>AEsculapius.</span> <span class='ocrx_word' id='word_1_78' title='bbox 2424 1413 2512 1475; x_wconf 83' lang='lat' dir='ltr'>Ex</span> <span class='ocrx_word' id='word_1_79' title='bbox 2540 1410 2645 1486; x_wconf 79' lang='lat' dir='ltr'>his</span> 
     </span>
     <span class='ocr_line' id='line_1_11' title="bbox 614 1524 2699 1616; baseline 0 -24"><span class='ocrx_word' id='word_1_80' title='bbox 614 1524 823 1592; x_wconf 78' lang='lat' dir='ltr'>Gastor</span> <span class='ocrx_word' id='word_1_81' title='bbox 846 1538 905 1592; x_wconf 84' lang='lat' dir='ltr'>et</span> <span class='ocrx_word' id='word_1_82' title='bbox 926 1528 1142 1591; x_wconf 83' lang='lat' dir='ltr'>Pollux</span> <span class='ocrx_word' id='word_1_83' title='bbox 1163 1526 1479 1616; x_wconf 80' lang='lat' dir='ltr'>(Dioscuri</span> <span class='ocrx_word' id='word_1_84' title='bbox 1501 1574 1518 1608; x_wconf 93' lang='lat'>,</span> <span class='ocrx_word' id='word_1_85' title='bbox 1545 1524 1909 1613; x_wconf 62' lang='lat' dir='ltr'>Tyndaridae</span> <span class='ocrx_word' id='word_1_86' title='bbox 1933 1573 1951 1608; x_wconf 86' lang='lat'>‚</span> <span class='ocrx_word' id='word_1_87' title='bbox 1987 1525 2240 1590; x_wconf 82' lang='lat' dir='ltr'>Gemini</span> <span class='ocrx_word' id='word_1_88' title='bbox 2265 1574 2284 1608; x_wconf 88' lang='lat'>,</span> <span class='ocrx_word' id='word_1_89' title='bbox 2319 1524 2639 1614; x_wconf 86' lang='lat' dir='ltr'>Castores)</span> <span class='ocrx_word' id='word_1_90' title='bbox 2694 1603 2699 1610; x_wconf 80' lang='lat'><strong>.</strong></span> 
     </span>
     <span class='ocr_line' id='line_1_12' title="bbox 610 1615 2649 1727; baseline 0.001 -23"><span class='ocrx_word' id='word_1_91' title='bbox 610 1642 872 1727; x_wconf 80' lang='lat' dir='ltr'>propitia</span> <span class='ocrx_word' id='word_1_92' title='bbox 905 1640 1335 1727; x_wconf 75' lang='lat' dir='ltr'>navigantibus</span> <span class='ocrx_word' id='word_1_93' title='bbox 1364 1637 1430 1726; x_wconf 91' lang='lat'>5)</span> <span class='ocrx_word' id='word_1_94' title='bbox 1459 1650 1519 1702; x_wconf 87' lang='lat' dir='ltr'>et</span> <span class='ocrx_word' id='word_1_95' title='bbox 1545 1639 1800 1703; x_wconf 89' lang='lat' dir='ltr'>omnino</span> <span class='ocrx_word' id='word_1_96' title='bbox 1822 1639 2184 1704; x_wconf 80' lang='lat' dir='ltr'>mortalibus</span> <span class='ocrx_word' id='word_1_97' title='bbox 2207 1615 2491 1708; x_wconf 79' lang='lat' dir='ltr'>numina.</span> <span class='ocrx_word' id='word_1_98' title='bbox 2516 1642 2649 1724; x_wconf 88' lang='lat' dir='ltr'>Qui</span> 
     </span>
     <span class='ocr_line' id='line_1_13' title="bbox 611 1751 2649 1846; baseline 0.001 -27"><span class='ocrx_word' id='word_1_99' title='bbox 611 1753 911 1820; x_wconf 87' lang='lat' dir='ltr'>Romanis</span> <span class='ocrx_word' id='word_1_100' title='bbox 951 1755 1177 1822; x_wconf 73' lang='lat' dir='ltr'>auxilio</span> <span class='ocrx_word' id='word_1_101' title='bbox 1204 1754 1269 1817; x_wconf 89' lang='lat' dir='ltr'>in</span> <span class='ocrx_word' id='word_1_102' title='bbox 1294 1775 1503 1839; x_wconf 83' lang='lat' dir='ltr'>pugna</span> <span class='ocrx_word' id='word_1_103' title='bbox 1532 1751 1609 1818; x_wconf 89' lang='lat' dir='ltr'>ad</span> <span class='ocrx_word' id='word_1_104' title='bbox 1645 1752 1849 1817; x_wconf 90' lang='lat' dir='ltr'>laeum</span> <span class='ocrx_word' id='word_1_105' title='bbox 1890 1755 2210 1841; x_wconf 84' lang='lat' dir='ltr'>Regillum</span> <span class='ocrx_word' id='word_1_106' title='bbox 2246 1755 2482 1822; x_wconf 74' lang='lat' dir='ltr'>venisse</span> <span class='ocrx_word' id='word_1_107' title='bbox 2503 1778 2649 1846; x_wconf 26' lang='lat' dir='ltr'>cre-</span> 
     </span>
     <span class='ocr_line' id='line_1_14' title="bbox 613 1865 2645 1957; baseline 0.001 -26"><span class='ocrx_word' id='word_1_108' title='bbox 613 1866 726 1931; x_wconf 81' lang='lat' dir='ltr'>diti</span> <span class='ocrx_word' id='word_1_109' title='bbox 751 1866 834 1957; x_wconf 61' lang='grc' dir='ltr'>(ς.</span> <span class='ocrx_word' id='word_1_110' title='bbox 868 1865 1069 1957; x_wconf 65' lang='grc'>139),</span> <span class='ocrx_word' id='word_1_111' title='bbox 1091 1867 1230 1931; x_wconf 85' lang='lat' dir='ltr'>exin</span> <span class='ocrx_word' id='word_1_112' title='bbox 1256 1866 1557 1951; x_wconf 86' lang='lat' dir='ltr'>templum</span> <span class='ocrx_word' id='word_1_113' title='bbox 1588 1866 1804 1930; x_wconf 82' lang='lat' dir='ltr'>Romae</span> <span class='ocrx_word' id='word_1_114' title='bbox 1828 1865 2102 1931; x_wconf 86' lang='lat' dir='ltr'>habuere</span> <span class='ocrx_word' id='word_1_115' title='bbox 2132 1865 2223 1954; x_wconf 88' lang='grc'>6).</span> <span class='ocrx_word' id='word_1_116' title='bbox 2255 1869 2372 1933; x_wconf 87' lang='lat' dir='ltr'>Per</span> <span class='ocrx_word' id='word_1_117' title='bbox 2403 1881 2645 1934; x_wconf 85' lang='lat' dir='ltr'>utrum-</span> 
     </span>
     <span class='ocr_line' id='line_1_15' title="bbox 610 1955 2636 2069; baseline 0.001 -25"><span class='ocrx_word' id='word_1_118' title='bbox 610 2002 736 2069; x_wconf 86' lang='lat' dir='ltr'>que</span> <span class='ocrx_word' id='word_1_119' title='bbox 769 1980 1098 2064; x_wconf 84' lang='lat' dir='ltr'>jurabant,</span> <span class='ocrx_word' id='word_1_120' title='bbox 1141 1977 1310 2042; x_wconf 91' lang='lat' dir='ltr'>unde</span> <span class='ocrx_word' id='word_1_121' title='bbox 1341 1976 1504 2054; x_wconf 87' lang='lat' dir='ltr'>Pol,</span> <span class='ocrx_word' id='word_1_122' title='bbox 1534 1977 1765 2065; x_wconf 80' lang='lat' dir='ltr'>edepol</span> <span class='ocrx_word' id='word_1_123' title='bbox 1780 2025 1804 2055; x_wconf 88' lang='lat'><em>,</em></span> <span class='ocrx_word' id='word_1_124' title='bbox 1843 1955 2135 2056; x_wconf 61' lang='lat' dir='ltr'>ecastor,</span> <span class='ocrx_word' id='word_1_125' title='bbox 2179 1992 2499 2047; x_wconf 72' lang='lat' dir='ltr'>mecastor</span> <span class='ocrx_word' id='word_1_126' title='bbox 2544 1979 2636 2068; x_wconf 87' lang='lat'>7).</span> 
     </span>
     <span class='ocr_line' id='line_1_16' title="bbox 609 2091 2641 2183; baseline -0.001 -22"><span class='ocrx_word' id='word_1_127' title='bbox 609 2097 944 2161; x_wconf 86' lang='lat' dir='ltr'>Herculem</span> <span class='ocrx_word' id='word_1_128' title='bbox 991 2114 1138 2158; x_wconf 91' lang='lat' dir='ltr'>cum</span> <span class='ocrx_word' id='word_1_129' title='bbox 1188 2092 1387 2156; x_wconf 87' lang='lat' dir='ltr'>Sanco</span> <span class='ocrx_word' id='word_1_130' title='bbox 1430 2092 1759 2157; x_wconf 75' lang='lat' dir='ltr'>confusum</span> <span class='ocrx_word' id='word_1_131' title='bbox 1800 2114 1979 2178; x_wconf 87' lang='lat' dir='ltr'>supra</span> <span class='ocrx_word' id='word_1_132' title='bbox 2023 2091 2287 2157; x_wconf 85' lang='lat' dir='ltr'>diximus</span> <span class='ocrx_word' id='word_1_133' title='bbox 2320 2091 2417 2183; x_wconf 86' lang='lat'>(§.</span> <span class='ocrx_word' id='word_1_134' title='bbox 2447 2091 2641 2182; x_wconf 86' lang='lat'><strong>285.)</strong></span> 
     </span>
     <span class='ocr_line' id='line_1_17' title="bbox 608 2203 2644 2295; baseline -0.001 -20"><span class='ocrx_word' id='word_1_135' title='bbox 608 2210 763 2295; x_wconf 83' lang='lat' dir='ltr'>Ejus</span> <span class='ocrx_word' id='word_1_136' title='bbox 803 2210 1019 2274; x_wconf 82' lang='lat' dir='ltr'>Romae</span> <span class='ocrx_word' id='word_1_137' title='bbox 1049 2209 1290 2290; x_wconf 82' lang='lat' dir='ltr'>cultus,</span> <span class='ocrx_word' id='word_1_138' title='bbox 1318 2207 1396 2272; x_wconf 90' lang='lat' dir='ltr'>ad</span> <span class='ocrx_word' id='word_1_139' title='bbox 1437 2207 1625 2294; x_wconf 78' lang='lat' dir='ltr'>qu‘em</span> <span class='ocrx_word' id='word_1_140' title='bbox 1671 2218 1731 2271; x_wconf 87' lang='lat' dir='ltr'>et</span> <span class='ocrx_word' id='word_1_141' title='bbox 1767 2207 1891 2272; x_wconf 82' lang='lat' dir='ltr'>Ara</span> <span class='ocrx_word' id='word_1_142' title='bbox 1919 2207 2179 2272; x_wconf 78' lang='lat' dir='ltr'>Maxima</span> <span class='ocrx_word' id='word_1_143' title='bbox 2224 2209 2487 2293; x_wconf 76' lang='lat' dir='ltr'>pertinet</span> <span class='ocrx_word' id='word_1_144' title='bbox 2529 2203 2644 2295; x_wconf 84' lang='lat'>8),</span> 
     </span>
     <span class='ocr_line' id='line_1_18' title="bbox 609 2320 2647 2406; baseline -0.001 -19"><span class='ocrx_word' id='word_1_145' title='bbox 609 2346 647 2387; x_wconf 91' lang='lat' dir='ltr'>a</span> <span class='ocrx_word' id='word_1_146' title='bbox 679 2321 951 2387; x_wconf 82' lang='lat' dir='ltr'>fabuloso</span> <span class='ocrx_word' id='word_1_147' title='bbox 992 2322 1058 2385; x_wconf 91' lang='lat' dir='ltr'>in</span> <span class='ocrx_word' id='word_1_148' title='bbox 1090 2322 1260 2386; x_wconf 89' lang='lat' dir='ltr'>Latio</span> <span class='ocrx_word' id='word_1_149' title='bbox 1300 2320 1570 2385; x_wconf 86' lang='lat' dir='ltr'>adventu</span> <span class='ocrx_word' id='word_1_150' title='bbox 1604 2331 1666 2385; x_wconf 83' lang='lat' dir='ltr'>et</span> <span class='ocrx_word' id='word_1_151' title='bbox 1698 2320 1917 2406; x_wconf 80' lang='lat' dir='ltr'>juncta</span> <span class='ocrx_word' id='word_1_152' title='bbox 1957 2342 2104 2384; x_wconf 90' lang='lat' dir='ltr'>cum</span> <span class='ocrx_word' id='word_1_153' title='bbox 2148 2321 2430 2386; x_wconf 86' lang='lat' dir='ltr'>Evandro</span> <span class='ocrx_word' id='word_1_154' title='bbox 2473 2322 2647 2386; x_wconf 89' lang='lat' dir='ltr'>ami—</span> 
     </span>
     <span class='ocr_line' id='line_1_19' title="bbox 607 2430 2649 2527; baseline -0.001 -25"><span class='ocrx_word' id='word_1_155' title='bbox 607 2430 755 2503; x_wconf 83' lang='lat' dir='ltr'>citia</span> <span class='ocrx_word' id='word_1_156' title='bbox 778 2437 1072 2526; x_wconf 86' lang='lat' dir='ltr'>repetitur</span> <span class='ocrx_word' id='word_1_157' title='bbox 1094 2435 1180 2527; x_wconf 81' lang='lat'>(§.</span> <span class='ocrx_word' id='word_1_158' title='bbox 1210 2433 1349 2526; x_wconf 79' lang='lat'><strong>37.)</strong></span> <span class='ocrx_word' id='word_1_159' title='bbox 1376 2437 1631 2522; x_wconf 87' lang='lat' dir='ltr'>Templa</span> <span class='ocrx_word' id='word_1_160' title='bbox 1651 2447 2073 2501; x_wconf 80' lang='lat' dir='ltr'>memorantur</span> <span class='ocrx_word' id='word_1_161' title='bbox 2095 2436 2271 2521; x_wconf 90' lang='lat' dir='ltr'>plura</span> <span class='ocrx_word' id='word_1_162' title='bbox 2287 2485 2304 2520; x_wconf 88' lang='lat'><strong>,</strong></span> <span class='ocrx_word' id='word_1_163' title='bbox 2328 2437 2395 2501; x_wconf 90' lang='lat' dir='ltr'>in</span> <span class='ocrx_word' id='word_1_164' title='bbox 2418 2436 2649 2524; x_wconf 83' lang='lat' dir='ltr'>quibus</span> 
     </span>
     <span class='ocr_line' id='line_1_20' title="bbox 612 2545 2653 2639; baseline 0 -24"><span class='ocrx_word' id='word_1_165' title='bbox 612 2571 944 2615; x_wconf 88' lang='lat' dir='ltr'>commune</span> <span class='ocrx_word' id='word_1_166' title='bbox 985 2572 1132 2614; x_wconf 89' lang='lat' dir='ltr'>cum</span> <span class='ocrx_word' id='word_1_167' title='bbox 1168 2550 1355 2614; x_wconf 81' lang='lat' dir='ltr'>Musis</span> <span class='ocrx_word' id='word_1_168' title='bbox 1377 2598 1394 2633; x_wconf 88' lang='lat'><strong>,</strong></span> <span class='ocrx_word' id='word_1_169' title='bbox 1431 2550 1732 2639; x_wconf 48' lang='lat' dir='ltr'>⁸Herculis</span> <span class='ocrx_word' id='word_1_170' title='bbox 1770 2551 2097 2637; x_wconf 81' lang='lat' dir='ltr'>Musagetae</span> <span class='ocrx_word' id='word_1_171' title='bbox 2132 2545 2223 2638; x_wconf 88' lang='lat'>9).</span> <span class='ocrx_word' id='word_1_172' title='bbox 2259 2551 2653 2637; x_wconf 82' lang='lat' dir='ltr'>AEseulapius</span> 
     </span>
     <span class='ocr_line' id='line_1_21' title="bbox 613 2663 2649 2749; baseline -0 -20"><span class='ocrx_word' id='word_1_173' title='bbox 613 2674 822 2729; x_wconf 89' lang='lat' dir='ltr'>autem</span> <span class='ocrx_word' id='word_1_174' title='bbox 849 2711 867 2746; x_wconf 87' lang='lat'>,</span> <span class='ocrx_word' id='word_1_175' title='bbox 922 2671 1228 2749; x_wconf 83' lang='lat' dir='ltr'>grassante</span> <span class='ocrx_word' id='word_1_176' title='bbox 1289 2673 1456 2747; x_wconf 86' lang='lat' dir='ltr'>peste</span> <span class='ocrx_word' id='word_1_177' title='bbox 1480 2711 1498 2747; x_wconf 90' lang='lat'>,</span> <span class='ocrx_word' id='word_1_178' title='bbox 1546 2674 1838 2727; x_wconf 85' lang='lat' dir='ltr'>monente</span> <span class='ocrx_word' id='word_1_179' title='bbox 1903 2663 2185 2747; x_wconf 87' lang='lat' dir='ltr'>oraculo,</span> <span class='ocrx_word' id='word_1_180' title='bbox 2259 2666 2519 2731; x_wconf 86' lang='lat' dir='ltr'>Romam</span> <span class='ocrx_word' id='word_1_181' title='bbox 2566 2664 2649 2728; x_wconf 87' lang='lat' dir='ltr'>ab</span> 
     </span>
     <span class='ocr_line' id='line_1_22' title="bbox 612 2753 2653 2864; baseline 0 -22"><span class='ocrx_word' id='word_1_182' title='bbox 612 2776 921 2862; x_wconf 89' lang='lat' dir='ltr'>Epidauro</span> <span class='ocrx_word' id='word_1_183' title='bbox 943 2823 963 2862; x_wconf 87' lang='lat'>,</span> <span class='ocrx_word' id='word_1_184' title='bbox 1004 2776 1301 2863; x_wconf 86' lang='lat' dir='ltr'>serpentis</span> <span class='ocrx_word' id='word_1_185' title='bbox 1344 2776 1544 2864; x_wconf 84' lang='lat' dir='ltr'>specie</span> <span class='ocrx_word' id='word_1_186' title='bbox 1570 2825 1587 2859; x_wconf 86' lang='lat'>‚</span> <span class='ocrx_word' id='word_1_187' title='bbox 1624 2776 1947 2841; x_wconf 80' lang='lat' dir='ltr'>translatus</span> <span class='ocrx_word' id='word_1_188' title='bbox 1969 2753 1995 2859; x_wconf 36' lang='lat'>,¹</span> <span class='ocrx_word' id='word_1_189' title='bbox 2031 2777 2333 2862; x_wconf 85' lang='lat' dir='ltr'>templum</span> <span class='ocrx_word' id='word_1_190' title='bbox 2362 2775 2653 2843; x_wconf 88' lang='lat' dir='ltr'>celebra-</span> 
     </span>
     <span class='ocr_line' id='line_1_23' title="bbox 613 2888 1983 2978; baseline 0.001 -24"><span class='ocrx_word' id='word_1_191' title='bbox 613 2890 918 2957; x_wconf 82' lang='lat' dir='ltr'>tissimum</span> <span class='ocrx_word' id='word_1_192' title='bbox 944 2891 1164 2958; x_wconf 87' lang='lat' dir='ltr'>hahuit</span> <span class='ocrx_word' id='word_1_193' title='bbox 1202 2892 1268 2956; x_wconf 89' lang='lat' dir='ltr'>in</span> <span class='ocrx_word' id='word_1_194' title='bbox 1295 2892 1493 2957; x_wconf 89' lang='lat' dir='ltr'>insula</span> <span class='ocrx_word' id='word_1_195' title='bbox 1521 2891 1808 2957; x_wconf 87' lang='lat' dir='ltr'>Tiberina</span> <span class='ocrx_word' id='word_1_196' title='bbox 1850 2888 1983 2978; x_wconf 91' lang='grc'>10).</span> 
     </span>
    </p>
   </div>
   <div class='ocr_carea' id='block_1_3' title="bbox 614 3090 2742 3698">
    <p class='ocr_par' dir='ltr' id='par_1_3' title="bbox 614 3090 2742 3698">
     <span class='ocr_line' id='line_1_24' title="bbox 679 3090 2683 3160; baseline 0.001 -17"><span class='ocrx_word' id='word_1_197' title='bbox 679 3094 732 3155; x_wconf 97' lang='grc'>1)</span> <span class='ocrx_word' id='word_1_198' title='bbox 752 3093 829 3143; x_wconf 76' lang='lat' dir='ltr'>Cf.</span> <span class='ocrx_word' id='word_1_199' title='bbox 853 3093 1042 3143; x_wconf 80' lang='lat' dir='ltr'>Arnob.</span> <span class='ocrx_word' id='word_1_200' title='bbox 1068 3095 1185 3143; x_wconf 78' lang='lat' dir='ltr'>adv.</span> <span class='ocrx_word' id='word_1_201' title='bbox 1214 3092 1363 3142; x_wconf 80' lang='lat' dir='ltr'>Gent.</span> <span class='ocrx_word' id='word_1_202' title='bbox 1384 3093 1421 3141; x_wconf 95' lang='lat' dir='ltr'>l.</span> <span class='ocrx_word' id='word_1_203' title='bbox 1441 3091 1492 3154; x_wconf 78' lang='lat'>5,</span> <span class='ocrx_word' id='word_1_204' title='bbox 1513 3090 1669 3141; x_wconf 83' lang='lat' dir='ltr'>Varro</span> <span class='ocrx_word' id='word_1_205' title='bbox 1688 3093 1828 3143; x_wconf 65' lang='grc' dir='ltr'>ἀεὶ.</span> <span class='ocrx_word' id='word_1_206' title='bbox 1847 3093 1909 3142; x_wconf 89' lang='lat' dir='ltr'>L.</span> <span class='ocrx_word' id='word_1_207' title='bbox 1935 3092 1966 3143; x_wconf 73' lang='lat'><em>4</em></span> <span class='ocrx_word' id='word_1_208' title='bbox 1984 3130 2000 3158; x_wconf 89' lang='lat'>‚</span> <span class='ocrx_word' id='word_1_209' title='bbox 2025 3110 2077 3158; x_wconf 88' lang='lat' dir='ltr'>p.</span> <span class='ocrx_word' id='word_1_210' title='bbox 2096 3094 2180 3143; x_wconf 92' lang='grc'>20.</span> <span class='ocrx_word' id='word_1_211' title='bbox 2203 3123 2261 3132; x_wconf 93' lang='grc'><strong>-</strong></span> <span class='ocrx_word' id='word_1_212' title='bbox 2280 3095 2332 3160; x_wconf 91' lang='grc'>2)</span> <span class='ocrx_word' id='word_1_213' title='bbox 2350 3095 2407 3157; x_wconf 53' lang='lat'>8⁴,</span> <span class='ocrx_word' id='word_1_214' title='bbox 2433 3095 2483 3144; x_wconf 93' lang='grc'>9.</span> <span class='ocrx_word' id='word_1_215' title='bbox 2502 3122 2560 3145; x_wconf 64' lang='grc' dir='ltr'>-ι</span> <span class='ocrx_word' id='word_1_216' title='bbox 2591 3095 2683 3157; x_wconf 53' lang='grc' dir='ltr'>ὅ)χ</span> 
     </span>
     <span class='ocr_line' id='line_1_25' title="bbox 614 3159 2742 3251; baseline 0.001 -19"><span class='ocrx_word' id='word_1_217' title='bbox 614 3184 692 3232; x_wconf 82' lang='lat' dir='ltr'>cr.</span> <span class='ocrx_word' id='word_1_218' title='bbox 712 3183 816 3232; x_wconf 71' lang='lat' dir='ltr'>cie.</span> <span class='ocrx_word' id='word_1_219' title='bbox 847 3185 909 3233; x_wconf 66' lang='lat' dir='ltr'>aa</span> <span class='ocrx_word' id='word_1_220' title='bbox 931 3183 1084 3247; x_wconf 72' lang='lat' dir='ltr'>Leqq.</span> <span class='ocrx_word' id='word_1_221' title='bbox 1110 3182 1177 3245; x_wconf 76' lang='lat'>2,</span> <span class='ocrx_word' id='word_1_222' title='bbox 1204 3181 1269 3245; x_wconf 83' lang='lat' dir='ltr'>s,</span> <span class='ocrx_word' id='word_1_223' title='bbox 1293 3182 1429 3229; x_wconf 72' lang='lat' dir='ltr'>Serv.</span> <span class='ocrx_word' id='word_1_224' title='bbox 1452 3181 1695 3244; x_wconf 78' lang='lat' dir='ltr'>ad.virg.</span> <span class='ocrx_word' id='word_1_225' title='bbox 1722 3182 1904 3247; x_wconf 69' lang='lat' dir='ltr'>amq.</span> <span class='ocrx_word' id='word_1_226' title='bbox 1929 3181 1989 3245; x_wconf 87' lang='lat'>1,</span> <span class='ocrx_word' id='word_1_227' title='bbox 2012 3179 2295 3247; x_wconf 74' lang='lat' dir='ltr'>498‚ee11.</span> <span class='ocrx_word' id='word_1_228' title='bbox 2317 3184 2644 3251; x_wconf 76' lang='lat' dir='ltr'>2‚1o.-4)</span> <span class='ocrx_word' id='word_1_229' title='bbox 2718 3159 2742 3171; x_wconf 77' lang='grc'><strong>”</strong></span> 
     </span>
     <span class='ocr_line' id='line_1_26' title="bbox 614 3270 2649 3337; baseline 0 -16"><span class='ocrx_word' id='word_1_230' title='bbox 614 3272 692 3321; x_wconf 73' lang='lat' dir='ltr'>Cf.</span> <span class='ocrx_word' id='word_1_231' title='bbox 727 3273 834 3321; x_wconf 76' lang='lat' dir='ltr'>Liv.</span> <span class='ocrx_word' id='word_1_232' title='bbox 853 3270 878 3321; x_wconf 85' lang='grc'>1</span> <span class='ocrx_word' id='word_1_233' title='bbox 897 3308 913 3335; x_wconf 90' lang='grc'>,</span> <span class='ocrx_word' id='word_1_234' title='bbox 948 3271 982 3321; x_wconf 85' lang='grc'>2</span> <span class='ocrx_word' id='word_1_235' title='bbox 1000 3308 1015 3336; x_wconf 83' lang='grc'><em>,</em></span> <span class='ocrx_word' id='word_1_236' title='bbox 1047 3272 1160 3321; x_wconf 86' lang='lat' dir='ltr'>Tib.</span> <span class='ocrx_word' id='word_1_237' title='bbox 1183 3272 1215 3320; x_wconf 92' lang='grc'>2</span> <span class='ocrx_word' id='word_1_238' title='bbox 1234 3309 1249 3337; x_wconf 88' lang='lat'>,</span> <span class='ocrx_word' id='word_1_239' title='bbox 1272 3272 1335 3335; x_wconf 77' lang='grc' dir='ltr'>ὅ,</span> <span class='ocrx_word' id='word_1_240' title='bbox 1371 3270 1464 3333; x_wconf 74' lang='lat'>44,</span> <span class='ocrx_word' id='word_1_241' title='bbox 1485 3272 1624 3334; x_wconf 73' lang='lat' dir='ltr'>virg.</span> <span class='ocrx_word' id='word_1_242' title='bbox 1645 3271 1768 3320; x_wconf 76' lang='lat' dir='ltr'>AEn.</span> <span class='ocrx_word' id='word_1_243' title='bbox 1793 3270 1855 3320; x_wconf 86' lang='grc'>12</span> <span class='ocrx_word' id='word_1_244' title='bbox 1874 3308 1891 3335; x_wconf 86' lang='grc'>,</span> <span class='ocrx_word' id='word_1_245' title='bbox 1914 3270 2031 3320; x_wconf 75' lang='lat'>794.</span> <span class='ocrx_word' id='word_1_246' title='bbox 2049 3298 2110 3309; x_wconf 88' lang='lat'>—</span> <span class='ocrx_word' id='word_1_247' title='bbox 2131 3271 2184 3336; x_wconf 81' lang='lat'>5)</span> <span class='ocrx_word' id='word_1_248' title='bbox 2205 3271 2283 3321; x_wconf 74' lang='lat' dir='ltr'>Cf.</span> <span class='ocrx_word' id='word_1_249' title='bbox 2308 3272 2430 3321; x_wconf 80' lang='lat' dir='ltr'>Hor.</span> <span class='ocrx_word' id='word_1_250' title='bbox 2459 3274 2559 3325; x_wconf 76' lang='lat' dir='ltr'>od.</span> <span class='ocrx_word' id='word_1_251' title='bbox 2588 3275 2649 3336; x_wconf 84' lang='lat'>1,</span> 
     </span>
     <span class='ocr_line' id='line_1_27' title="bbox 615 3361 2650 3430; baseline -0.001 -17"><span class='ocrx_word' id='word_1_252' title='bbox 615 3363 715 3425; x_wconf 82' lang='grc'>12,</span> <span class='ocrx_word' id='word_1_253' title='bbox 738 3362 911 3427; x_wconf 74' lang='lat'><strong>25‚4‚</strong></span> <span class='ocrx_word' id='word_1_254' title='bbox 935 3362 1099 3426; x_wconf 79' lang='grc' dir='ltr'>8,ὅ1.</span> <span class='ocrx_word' id='word_1_255' title='bbox 1121 3363 1254 3428; x_wconf 83' lang='grc'>-6)</span> <span class='ocrx_word' id='word_1_256' title='bbox 1275 3364 1350 3411; x_wconf 80' lang='lat' dir='ltr'>Cf.</span> <span class='ocrx_word' id='word_1_257' title='bbox 1375 3362 1481 3410; x_wconf 77' lang='lat' dir='ltr'>Liv.</span> <span class='ocrx_word' id='word_1_258' title='bbox 1506 3362 1568 3425; x_wconf 84' lang='grc'>2,</span> <span class='ocrx_word' id='word_1_259' title='bbox 1592 3362 1693 3425; x_wconf 85' lang='grc'>20,</span> <span class='ocrx_word' id='word_1_260' title='bbox 1722 3361 1785 3424; x_wconf 85' lang='grc'>9,</span> <span class='ocrx_word' id='word_1_261' title='bbox 1811 3361 1909 3425; x_wconf 74' lang='grc'>45,</span> <span class='ocrx_word' id='word_1_262' title='bbox 1935 3362 2039 3411; x_wconf 90' lang='lat' dir='ltr'>Cic.</span> <span class='ocrx_word' id='word_1_263' title='bbox 2065 3365 2126 3414; x_wconf 72' lang='lat' dir='ltr'>do</span> <span class='ocrx_word' id='word_1_264' title='bbox 2148 3363 2222 3413; x_wconf 86' lang='lat' dir='ltr'>N.</span> <span class='ocrx_word' id='word_1_265' title='bbox 2242 3365 2319 3416; x_wconf 90' lang='lat' dir='ltr'>D.</span> <span class='ocrx_word' id='word_1_266' title='bbox 2343 3365 2408 3430; x_wconf 76' lang='lat'>5,</span> <span class='ocrx_word' id='word_1_267' title='bbox 2433 3365 2650 3430; x_wconf 80' lang='lat' dir='ltr'>5‚Suet.</span> 
     </span>
     <span class='ocr_line' id='line_1_28' title="bbox 618 3449 2648 3519; baseline -0.001 -17"><span class='ocrx_word' id='word_1_268' title='bbox 618 3453 728 3503; x_wconf 77' lang='lat' dir='ltr'>Cal.</span> <span class='ocrx_word' id='word_1_269' title='bbox 753 3451 837 3501; x_wconf 83' lang='grc'>22.</span> <span class='ocrx_word' id='word_1_270' title='bbox 858 3452 988 3517; x_wconf 89' lang='lat'>-7)</span> <span class='ocrx_word' id='word_1_271' title='bbox 1013 3452 1089 3500; x_wconf 72' lang='lat' dir='ltr'>Cf.</span> <span class='ocrx_word' id='word_1_272' title='bbox 1115 3452 1242 3501; x_wconf 84' lang='lat' dir='ltr'>Gell.</span> <span class='ocrx_word' id='word_1_273' title='bbox 1273 3451 1353 3502; x_wconf 86' lang='lat'>11.</span> <span class='ocrx_word' id='word_1_274' title='bbox 1386 3452 1436 3501; x_wconf 80' lang='lat'>6.</span> <span class='ocrx_word' id='word_1_275' title='bbox 1456 3479 1518 3490; x_wconf 91' lang='lat'>-</span> <span class='ocrx_word' id='word_1_276' title='bbox 1540 3451 1594 3515; x_wconf 88' lang='grc'>8)</span> <span class='ocrx_word' id='word_1_277' title='bbox 1619 3451 1682 3499; x_wconf 83' lang='lat' dir='ltr'>V.</span> <span class='ocrx_word' id='word_1_278' title='bbox 1705 3449 1850 3514; x_wconf 76' lang='lat' dir='ltr'>ovid,</span> <span class='ocrx_word' id='word_1_279' title='bbox 1876 3451 2022 3501; x_wconf 71' lang='lat' dir='ltr'>Fau.</span> <span class='ocrx_word' id='word_1_280' title='bbox 2060 3451 2118 3516; x_wconf 88' lang='lat'>1,</span> <span class='ocrx_word' id='word_1_281' title='bbox 2140 3453 2228 3502; x_wconf 82' lang='lat'>581</span> <span class='ocrx_word' id='word_1_282' title='bbox 2253 3490 2269 3517; x_wconf 95' lang='lat'><strong><em>‚</em></strong></span> <span class='ocrx_word' id='word_1_283' title='bbox 2299 3454 2451 3519; x_wconf 88' lang='lat' dir='ltr'>Prop.</span> <span class='ocrx_word' id='word_1_284' title='bbox 2475 3453 2509 3503; x_wconf 76' lang='lat'><strong><em>4</em></strong></span> <span class='ocrx_word' id='word_1_285' title='bbox 2526 3491 2541 3517; x_wconf 85' lang='lat'>,</span> <span class='ocrx_word' id='word_1_286' title='bbox 2567 3453 2648 3502; x_wconf 81' lang='grc'>10.</span> 
     </span>
     <span class='ocr_line' id='line_1_29' title="bbox 614 3539 2647 3608; baseline -0.001 -17"><span class='ocrx_word' id='word_1_287' title='bbox 614 3542 667 3607; x_wconf 89' lang='grc'>9)</span> <span class='ocrx_word' id='word_1_288' title='bbox 702 3543 777 3592; x_wconf 78' lang='lat' dir='ltr'>Cf.</span> <span class='ocrx_word' id='word_1_289' title='bbox 800 3542 922 3591; x_wconf 80' lang='lat' dir='ltr'>Ovid</span> <span class='ocrx_word' id='word_1_290' title='bbox 946 3542 1089 3592; x_wconf 72' lang='lat' dir='ltr'>Fast.</span> <span class='ocrx_word' id='word_1_291' title='bbox 1113 3540 1172 3605; x_wconf 81' lang='lat'>6,</span> <span class='ocrx_word' id='word_1_292' title='bbox 1193 3540 1291 3591; x_wconf 89' lang='grc'>799</span> <span class='ocrx_word' id='word_1_293' title='bbox 1314 3577 1329 3606; x_wconf 89' lang='grc'><em>,</em></span> <span class='ocrx_word' id='word_1_294' title='bbox 1353 3541 1489 3591; x_wconf 83' lang='lat' dir='ltr'>Suet.</span> <span class='ocrx_word' id='word_1_295' title='bbox 1524 3542 1666 3604; x_wconf 77' lang='lat' dir='ltr'>Auq.</span> <span class='ocrx_word' id='word_1_296' title='bbox 1690 3539 1773 3589; x_wconf 88' lang='grc'>29.</span> <span class='ocrx_word' id='word_1_297' title='bbox 1795 3567 1857 3580; x_wconf 89' lang='grc'><strong>-</strong></span> <span class='ocrx_word' id='word_1_298' title='bbox 1878 3540 1960 3605; x_wconf 88' lang='grc'>10)</span> <span class='ocrx_word' id='word_1_299' title='bbox 1989 3541 2065 3591; x_wconf 78' lang='lat' dir='ltr'>Cf.</span> <span class='ocrx_word' id='word_1_300' title='bbox 2100 3542 2208 3591; x_wconf 79' lang='lat' dir='ltr'>Liv.</span> <span class='ocrx_word' id='word_1_301' title='bbox 2241 3541 2305 3591; x_wconf 90' lang='grc'>29</span> <span class='ocrx_word' id='word_1_302' title='bbox 2325 3579 2342 3608; x_wconf 85' lang='grc'>,</span> <span class='ocrx_word' id='word_1_303' title='bbox 2382 3541 2480 3606; x_wconf 84' lang='lat'>11,</span> <span class='ocrx_word' id='word_1_304' title='bbox 2504 3542 2647 3591; x_wconf 76' lang='lat' dir='ltr'>ovid.</span> 
     </span>
     <span class='ocr_line' id='line_1_30' title="bbox 615 3629 2014 3698; baseline -0.001 -15"><span class='ocrx_word' id='word_1_305' title='bbox 615 3633 746 3684; x_wconf 71' lang='lat' dir='ltr'>Mol.</span> <span class='ocrx_word' id='word_1_306' title='bbox 764 3632 855 3698; x_wconf 73' lang='lat'>1⁵,</span> <span class='ocrx_word' id='word_1_307' title='bbox 875 3632 974 3683; x_wconf 79' lang='grc'>622</span> <span class='ocrx_word' id='word_1_308' title='bbox 990 3647 1102 3697; x_wconf 76' lang='lat' dir='ltr'>sqq.</span> <span class='ocrx_word' id='word_1_309' title='bbox 1118 3668 1134 3696; x_wconf 89' lang='lat'>‚</span> <span class='ocrx_word' id='word_1_310' title='bbox 1154 3631 1299 3682; x_wconf 69' lang='lat' dir='ltr'>Faue.</span> <span class='ocrx_word' id='word_1_311' title='bbox 1327 3631 1350 3681; x_wconf 91' lang='grc'>1</span> <span class='ocrx_word' id='word_1_312' title='bbox 1370 3668 1387 3696; x_wconf 87' lang='grc'><strong><em>,</em></strong></span> <span class='ocrx_word' id='word_1_313' title='bbox 1410 3629 1506 3680; x_wconf 87' lang='grc'>289</span> <span class='ocrx_word' id='word_1_314' title='bbox 1520 3667 1538 3695; x_wconf 87' lang='lat'>,</span> <span class='ocrx_word' id='word_1_315' title='bbox 1562 3631 1698 3680; x_wconf 75' lang='lat' dir='ltr'>Suet.</span> <span class='ocrx_word' id='word_1_316' title='bbox 1723 3630 1909 3682; x_wconf 62' lang='lat' dir='ltr'>mand.</span> <span class='ocrx_word' id='word_1_317' title='bbox 1928 3630 2014 3681; x_wconf 75' lang='lat'>215.</span> 
     </span>
    </p>
   </div>
   <div class='ocr_carea' id='block_1_4' title="bbox 619 3817 2650 4140">
    <p class='ocr_par' dir='ltr' id='par_1_4' title="bbox 619 3817 2650 4140">
     <span class='ocr_line' id='line_1_31' title="bbox 708 3817 2650 3900; baseline -0.004 -12"><span class='ocrx_word' id='word_1_318' title='bbox 708 3824 857 3888; x_wconf 85' lang='grc'>308.</span> <span class='ocrx_word' id='word_1_319' title='bbox 906 3821 1169 3888; x_wconf 89' lang='lat' dir='ltr'>Ulterior</span> <span class='ocrx_word' id='word_1_320' title='bbox 1203 3820 1522 3885; x_wconf 90' lang='lat' dir='ltr'>minorum</span> <span class='ocrx_word' id='word_1_321' title='bbox 1568 3818 1905 3883; x_wconf 88' lang='lat' dir='ltr'>numinum</span> <span class='ocrx_word' id='word_1_322' title='bbox 1946 3839 1981 3882; x_wconf 86' lang='lat' dir='ltr'>e</span> <span class='ocrx_word' id='word_1_323' title='bbox 2020 3818 2201 3900; x_wconf 88' lang='lat' dir='ltr'>locis,</span> <span class='ocrx_word' id='word_1_324' title='bbox 2240 3817 2606 3881; x_wconf 85' lang='lat' dir='ltr'>muneribus</span> <span class='ocrx_word' id='word_1_325' title='bbox 2632 3865 2650 3899; x_wconf 88' lang='lat'><strong>,</strong></span> 
     </span>
     <span class='ocr_line' id='line_1_32' title="bbox 619 3930 2650 4025; baseline -0.004 -21"><span class='ocrx_word' id='word_1_326' title='bbox 619 3937 871 4025; x_wconf 84' lang='lat' dir='ltr'>aliisque</span> <span class='ocrx_word' id='word_1_327' title='bbox 913 3938 1113 4002; x_wconf 88' lang='lat' dir='ltr'>causis</span> <span class='ocrx_word' id='word_1_328' title='bbox 1154 3935 1461 4001; x_wconf 78' lang='lat' dir='ltr'>distinctio</span> <span class='ocrx_word' id='word_1_329' title='bbox 1512 3931 1615 4023; x_wconf 86' lang='lat'>(§.</span> <span class='ocrx_word' id='word_1_330' title='bbox 1655 3930 1845 4022; x_wconf 84' lang='lat'><strong>289.)</strong></span> <span class='ocrx_word' id='word_1_331' title='bbox 1881 3933 2012 3998; x_wconf 89' lang='lat' dir='ltr'>talis</span> <span class='ocrx_word' id='word_1_332' title='bbox 2057 3930 2360 4017; x_wconf 88' lang='lat' dir='ltr'>reperitur</span> <span class='ocrx_word' id='word_1_333' title='bbox 2390 3980 2407 4013; x_wconf 87' lang='lat'>,</span> <span class='ocrx_word' id='word_1_334' title='bbox 2436 3943 2507 3995; x_wconf 89' lang='lat' dir='ltr'>ut</span> <span class='ocrx_word' id='word_1_335' title='bbox 2537 3954 2650 3997; x_wconf 81' lang='lat' dir='ltr'>se-</span> 
     </span>
     <span class='ocr_line' id='line_1_33' title="bbox 621 4042 2647 4140; baseline -0.004 -23"><span class='ocrx_word' id='word_1_336' title='bbox 621 4052 862 4140; x_wconf 84' lang='lat' dir='ltr'>gregari</span> <span class='ocrx_word' id='word_1_337' title='bbox 906 4051 984 4115; x_wconf 89' lang='lat' dir='ltr'>ab</span> <span class='ocrx_word' id='word_1_338' title='bbox 1034 4052 1109 4115; x_wconf 87' lang='lat' dir='ltr'>iis</span> <span class='ocrx_word' id='word_1_339' title='bbox 1145 4049 1465 4117; x_wconf 88' lang='lat' dir='ltr'>commode</span> <span class='ocrx_word' id='word_1_340' title='bbox 1508 4060 1820 4135; x_wconf 87' lang='lat' dir='ltr'>nequeant</span> <span class='ocrx_word' id='word_1_341' title='bbox 1858 4046 2138 4131; x_wconf 87' lang='lat' dir='ltr'>majores.</span> <span class='ocrx_word' id='word_1_342' title='bbox 2180 4046 2256 4109; x_wconf 91' lang='lat' dir='ltr'>ln</span> <span class='ocrx_word' id='word_1_343' title='bbox 2299 4046 2538 4111; x_wconf 85' lang='lat' dir='ltr'>rusticis</span> <span class='ocrx_word' id='word_1_344' title='bbox 2584 4042 2647 4131; x_wconf 85' lang='lat' dir='ltr'>l)</span> 
     </span>
    </p>
   </div>
  </div>
 </body>
</html>
