3111 4829
1341 431 1365 509 (
1412 428 1520 488 151
1572 426 1596 509 )

457 563 617 627 potius
634 561 696 609 de
711 562 845 610 tribu
860 561 913 610 in
928 560 1069 610 binas
1084 514 1334 609 denturias
1350 558 1503 608 divisa
1523 559 1663 622 loqui
1680 559 1924 610 videatur.
1941 562 1971 608 J
1975 561 2175 612 udicent
2188 564 2429 616 doctiores
2445 605 2464 631 ‚

451 652 744 715 videantque
761 689 776 712 ,
811 667 875 699 an
908 651 1021 699 satis
1053 651 1228 699 idonea
1250 664 1397 698 causa
1417 687 1434 714 ‚
1456 663 1548 697 eur
1577 666 1605 697 e
1636 649 1849 699 Schulzii
1879 652 2117 701 sententia
2146 656 2380 704 centuriae
2411 658 2465 710 in

451 742 671 805 quinque
696 741 856 788 dassen
875 740 1171 789 dividantur.
1201 739 1421 802 Etenim,
1441 737 1534 801 nisi
1564 754 1800 802 ponamus
1817 776 1834 802 ‚
1867 741 2104 790 centurias
2124 742 2408 808 suffragiim
2434 761 2469 795 e

451 833 672 896 quinque
695 832 922 881 classium
943 830 1187 893 suffragiis
1206 865 1221 892 ‚
1247 845 1359 894 quaa
1381 829 1587 893 singulae
1608 844 1764 877 unum
1785 829 1946 878 serant
1964 867 1979 894 ‚
2011 832 2174 896 colligi
2193 869 2208 895 ,
2231 849 2429 898 prorsus
2443 870 2463 899 ,

450 922 570 984 quid
599 922 681 970 illa
703 922 1040 970 centuriarum
1062 918 1234 968 divisio
1251 920 1397 981 velit,
1422 918 1622 967 difficile
1639 919 1736 968 erit
1753 918 1987 983 cogitare.
2010 921 2162 984 Atqui
2184 959 2201 985 ‚
2224 922 2267 969 si
2286 922 2467 971 elme·

449 1012 656 1075 singulae
671 1012 735 1061 ad
754 1012 991 1061 centuriae
1011 1025 1113 1059 suae
1131 1009 1418 1073 suffragium
1443 1008 1576 1057 idem
1598 1009 1762 1057 valent
1775 1044 1791 1071 ,
1813 1009 2037 1072 sequitur
2053 1046 2069 1073 ,
2086 1010 2287 1060 ditiores
2303 1011 2464 1077 cives,

452 1102 661 1165 primam
693 1101 886 1149 scilieet
903 1106 954 1150 et
986 1099 1253 1149 secundam
1275 1099 1476 1148 classem
1497 1133 1514 1161 ‚
1549 1097 1771 1161 quumvis
1791 1113 1998 1148 numero
2020 1099 2152 1148 haud
2171 1100 2321 1149 dubie
2340 1102 2467 1151 infe-

451 1192 605 1239 riores
625 1228 641 1253 ‚
664 1196 857 1239 tantum
891 1206 1059 1254 posse,
1098 1194 1339 1253 quantum
1375 1187 1719 1252 pauperiores,
1754 1193 1980 1251 quar-tam
2022 1194 2073 1237 et
2093 1189 2323 1263 quintam·
2337 1192 2467 1239 clas-

445 1294 576 1343 sem3
615 1278 666 1326 id
698 1279 832 1342 quod
866 1278 993 1327 male
1024 1278 1268 1341 quadrare
1299 1276 1491 1325 diceres
1524 1276 1578 1323 in
1607 1277 1778 1340 populi
1810 1283 1860 1326 et
1877 1277 2205 1327 multitudinis
2232 1280 2463 1345 comitia,

447 1369 613 1431 qualia
632 1369 907 1418 centuriata
935 1373 1041 1417 tum
1060 1369 1208 1417 fuisse
1222 1404 1237 1431 ‚
1258 1368 1545 1417 Ciceronem
1565 1366 1785 1430 aliosque
1800 1372 2022 1418 veterum
2038 1373 2184 1418 testes
2208 1369 2463 1421 habemus.

448 1485 507 1494 —
521 1458 573 1518 9)
592 1458 656 1516 V.
677 1459 781 1506 Cic.
798 1475 895 1523 pro
914 1457 1065 1507 Mur.
1088 1456 1147 1506 17
1172 1462 1223 1505 et
1240 1456 1442 1521 19,pr0
1465 1456 1601 1506 Sext.
1619 1455 1701 1505 59.

538 1577 685 1638 164.
738 1571 1037 1638 Ordinem
1068 1596 1250 1655 vere,
1281 1595 1404 1659 quo
1433 1573 1649 1638 classes
1683 1574 1834 1664 olim
1863 1573 1941 1638 ad
1972 1575 2329 1663 suffragium
2355 1576 2465 1645 v'o-

445 1697 624 1769 eatae,
650 1686 822 1751 nulla
850 1707 1032 1751 causa
1056 1697 1173 1768 est,
1206 1708 1321 1750 cur
1346 1696 1655 1749 mutatum
1682 1697 1969 1771 putemus
1992 1737 2009 1767 ‚
2037 1690 2264 1783 quippe
2284 1694 2466 1777 cujus

443 1800 699 1864 mutatio
729 1821 870 1864 vere
901 1798 1061 1863 nihil
1092 1799 1375 1863 valuisset
1400 1797 1478 1862 ad
1501 1798 1854 1883 augendam
1883 1800 2245 1867 inferiorum
2274 1817 2465 1890 potes-

445 1920 648 1976 tatem.
674 1912 881 1993 Quare
904 1958 922 1993 ,
955 1922 1085 1997 post
1114 1911 1574 1996 praerogativam
1600 1912 1985 1976 vocabuntur
2007 1915 2220 2011 prima}
2241 1918 2462 2003 classis,

442 2033 502 2088 et
530 2024 595 2088 in
621 2023 718 2089 his
741 2026 936 2111 primo
967 2025 1100 2089 loco
1141 2025 1422 2111 equitum
1448 2024 1745 2088 centuriae
1775 2021 1840 2112 1)
1863 2050 1880 2108 ;
1927 2041 2259 2113 sequentur
2281 2032 2465 2097 ‹lein-

440 2159 583 2223 ceps
623 2150 856 2204 eaeterae
886 2140 1101 2204 classes
1128 2188 1146 2221 ,
1170 2148 1235 2202 et
1260 2149 1391 2224 post
1414 2138 1693 2224 quintam
1731 2138 1978 2204 accedet
2006 2163 2206 2206 unum
2234 2144 2466 2208 infimas

442 2251 855 2316 multitudinis
885 2251 1265 2337 suffragium.
1307 2254 1398 2317 De
1426 2253 1625 2337 primo
1662 2261 1724 2315 et
1747 2251 1892 2335 jure
1925 2256 2143 2319 voeatis
2169 2261 2462 2323 centuriis

442 2365 580 2430 vide
620 2376 847 2431 notam.
894 2366 996 2431 Sic
1038 2386 1242 2452 neque
1281 2366 1434 2430 ratio
1476 2376 1785 2451 superest,
1830 2388 1944 2431 cur
1992 2368 2298 2455 duplicem
2326 2421 2345 2455 ‚
2390 2384 2461 2437 ut

441 2479 716 2563 plerique
742 2526 758 2560 ‚
804 2478 1177 2542 sortitionem
1204 2525 1221 2560 ,
1273 2478 1527 2542 alteram
1577 2480 1770 2544 tribus
1791 2530 1810 2564 ,
1871 2484 2123 2547 alteram
2167 2487 2460 2550 centuriae

439 2588 576 2675 ejus
601 2637 618 2671 ‚
659 2587 994 2678 faciamus3
1025 2587 1254 2673 quippe
1295 2589 1574 2653 centuria
1604 2601 1762 2654 sorte
1793 2594 2182 2679 praerogativa
2224 2616 2464 2681 praero—

441 2701 704 2788 gativam
739 2700 961 2764 efficiet
994 2722 1167 2763 suam
1201 2700 1430 2788 tribum
1465 2698 1555 2786 2).
1594 2702 1683 2765 De
1720 2702 1844 2767 ritu
1878 2707 2197 2773 sortiendae
2237 2733 2470 2795 praero-

439 2817 653 2902 gativae
694 2813 1051 2880 conferendi
1086 2815 1208 2880 Liv.
1237 2814 1479 2895 XXIV,
1518 2814 1559 2874 7
1580 2860 1598 2896 ‚
1639 2815 1774 2882 Val.
1820 2817 1901 2881 M.
1947 2819 2063 2901 Vl,
2107 2825 2190 2896 3,
2236 2824 2363 2906 Cic.
2395 2849 2462 2911 p.

447 2927 647 2993 Corn.
700 2929 921 3015 fragm.
977 2930 1026 2992 1.
1093 2929 1370 3013 Singulae
1417 2929 1621 2992 elassis
1662 2930 1961 2994 centuriae
2003 2937 2108 2995 au'
2141 2946 2296 3000 sorte
2317 2985 2335 3019 ‚
2384 2961 2466 3000 an

439 3054 658 3108 statuto
694 3043 883 3113 semel
911 3040 1127 3105 ordine
1154 3090 1171 3123 ‚
1206 3064 1286 3105 an
1328 3044 1721 3126 magistratus
1757 3042 2008 3107 arbitrio
2050 3057 2304 3129 vocatae,
2340 3071 2464 3112 non

437 3156 786 3241 expeditum
813 3178 831 3237 3
892 3154 1190 3240 Equitum
1232 3165 1436 3217 tamen
1510 3156 1819 3219 centurias
1879 3157 1945 3219 in
2011 3159 2206 3242 prima
2264 3163 2449 3226 classe

441 3272 716 3355 praeisse,
758 3268 993 3355 reperio
1048 3264 1138 3354 3).
1188 3268 1280 3332 De
1317 3287 1405 3330 ⁴²ae
1432 3289 1535 3331 ero
1586 3278 1795 3332 autem
1821 3268 1905 3331 -in
1952 3270 2252 3357 suffragiis
2293 3295 2466 3340 more

440 3384 568 3448 haec
608 3384 792 3448 etiam
837 3394 1177 3446 teneamus,

506 3520 555 3575 1)
586 3519 661 3566 Cf.
682 3518 788 3566 Liv.
809 3517 873 3566 45
890 3554 905 3578 ‚
937 3517 1018 3565 16.
1036 3542 1101 3554 -
1118 3515 1170 3569 2,
1194 3516 1268 3563 Cf.
1294 3515 1400 3564 Liv.
1421 3516 1485 3565 24
1504 3554 1518 3578 2
1544 3517 1607 3581 7,
1631 3518 1694 3567 27
1713 3556 1728 3581 ‚
1749 3520 1799 3568 6.
1827 3521 1885 3568 In
1909 3521 2073 3585 priore
2097 3524 2206 3572 loco
2223 3527 2467 3577 Aniensis

423 3612 701 3671 juniorum
740 3613 814 3656 est
850 3606 1072 3656 centuria
1090 3606 1345 3670 juniorum
1369 3623 1426 3654 ex
1450 3607 1653 3655 Aniensi
1676 3608 1830 3657 tribu.
1871 3610 1949 3658 Sic
1974 3616 2024 3658 et
2046 3612 2097 3660 in
2129 3615 2346 3664 secundo
2367 3618 2468 3667 Ga-

440 3697 558 3743 len-ia
575 3697 831 3760 juniorum
855 3712 954 3743 non
995 3701 1068 3743 est
1090 3694 1251 3741 tribus
1268 3731 1283 3756 .,
1310 3694 1395 3742 secl
1418 3695 1646 3745 centuria
1682 3712 1710 3743 e
1742 3698 1876 3745 tribu
1898 3698 2091 3748 Galeria
2107 3715 2124 3765 3
2162 3704 2344 3769 quippe
2365 3723 2468 3757 non

439 3787 595 3834 tribus
615 3824 629 3850 ,
650 3787 737 3834 sed
760 3803 859 3835 una
881 3787 988 3850 ejus
1011 3785 1236 3832 centuria
1259 3784 1473 3849 primum
1495 3785 1788 3849 suffragium
1809 3786 1906 3836 sert
1921 3823 1939 3853 ,
1964 3805 2127 3853 neque
2148 3793 2305 3844 tribus
2331 3799 2466 3848 Con..

434 3880 597 3925 ,suh-m
633 3879 796 3925 debere
829 3881 1047 3941 poterat,
1080 3875 1172 3923 nisi
1210 3891 1379 3924 omnes
1410 3876 1517 3940 ejus
1540 3876 1781 3924 centuriae
1801 3913 1817 3939 ,
1857 3877 1910 3925 in
1932 3894 2020 3928 sua
2044 3896 2254 3946 quaeque
2274 3888 2427 3939 classe
2445 3928 2463 3953 ,

437 3970 691 4031 dicerent;
715 3967 799 4015 hie
820 3974 984 4016 autem
1007 3982 1106 4015 una
1123 3967 1331 4015 Galerize
1355 3965 1513 4015 tribus
1535 3966 1762 4015 centuria
1781 3967 2049 4018 Consulem
2069 3973 2292 4040 dame,
2310 3983 2467 4042 utque

438 4060 544 4107 fieri
565 4058 781 4119 solebat,
798 4058 911 4121 jure
926 4064 1110 4106 vocatae
1130 4058 1367 4107 centurioe
1387 4058 1560 4106 eodem
1577 4096 1592 4121 ‚
1633 4073 1735 4121 quo
1756 4062 2077 4124 praerogativa
2090 4101 2106 4127 ,
2131 4065 2467 4136 inclinassent,

436 4150 489 4198 ni
512 4149 718 4198 Tribuni
740 4163 790 4197 se
814 4147 1215 4214 interposuissent
1238 4155 1317 4212 (v.
1343 4153 1395 4198 et
1416 4148 1521 4199 Liv.
1546 4149 1611 4199 26
1630 4185 1646 4216 ,
1670 4149 1778 4216 22.)
1801 4176 1870 4190 -
1886 4150 1940 4215 ὅ)
1964 4153 2040 4204 Cf.
2065 4155 2170 4205 Liv.
2197 4156 2393 4222 affirm.
