3111 4829
1583 373 1606 455 (
1646 373 1725 434 64
1765 372 1790 455 )
2595 458 2598 461 ,

679 502 945 568 publicum
962 538 981 567 ‚
998 503 1087 553 sed
1098 505 1421 568 potissimum
1440 503 1605 568 adjus
1617 506 1879 568 privatum
1896 509 2152 569 spectavit.
2172 506 2309 556 Nom
2324 509 2481 573 1·qu
2495 514 2692 575 quidem

685 602 809 642 sunt
833 595 927 657 jus
958 593 1205 643 connubia·
1246 601 1297 643 ot
1313 594 1408 657 jus
1432 595 1719 643 commercii
1729 612 1750 653 ,-
1784 594 1970 658 quibua
2006 598 2102 659 qui
2129 605 2328 661 carent,
2366 600 2510 648 nuno
2550 603 2693 651 modo

681 685 738 731 in
770 687 957 733 civium
990 700 1201 733 numero
1221 683 1486 733 habentur.
1506 683 1667 732 Illius
1683 684 1908 747 euntjuae
1928 686 2292 749 euffraqiomm
2322 689 2382 736 in
2417 692 2631 739 comitiis
2647 699 2694 739 oe

669 775 767 837 jau
790 774 1076 833 bonon-unm·
1107 772 1293 837 quibus
1327 774 1423 836 qm·
1458 773 1686 836 qaudam
1704 807 1724 838 ,
1761 775 1948 838 optimo
1981 774 2109 836 juro
2141 777 2271 824 cives
2305 784 2587 839 vocantur-‚-
2634 787 2694 829 ut
2775 766 2778 775 ¹

571 901 577 907 -
682 874 848 915 tamen
865 882 970 915 non
990 866 1164 913 minue
1192 865 1382 912 civium
1404 863 1508 913 loco
1540 866 1646 912 sine
1657 898 1678 928 ‚
1723 866 1819 928 qui
1837 865 2203 929 umquejun'e
2217 866 2420 930 publici
2434 886 2690 934 prus-090..

675 960 779 1007 tt‘oa
801 958 1181 1013 destituuntur-,-
1209 953 1323 1002 licet
1340 961 1591 1016 negentur
1610 969 1713 1002 ouo
1734 953 2052 1019 optimojnn
2068 956 2215 1004 cim.

1436 1096 1602 1160 JunA
1647 1115 1922 1160 rusum.

760 1264 863 1326 71.
914 1258 1012 1324 Ad
1042 1257 1148 1344 jus
1194 1254 1492 1324 libertatis
1531 1256 1783 1322 trahunt
1821 1269 2044 1350 statum
2084 1260 2313 1325 civium
2355 1260 2680 1327 Romano-

664 1398 804 1440 rum
829 1424 847 1457 ,
885 1372 1142 1437 liberam
1182 1371 1626 1458 rempublicam
1652 1420 1669 1454 ,
1715 1382 1776 1436 et
1817 1373 1981 1460 leges
2020 1373 2218 1439 civem
2261 1398 2299 1440 a
2344 1375 2676 1461 magistra—

661 1499 844 1553 tuum
886 1485 1145 1550 libidine
1170 1534 1188 1569 ,
1226 1508 1260 1550 a
1312 1483 1688 1550 creditorum
1718 1506 1970 1573 quoque
2008 1488 2233 1554 saevitia
2280 1488 2674 1555 vindicantes,

659 1601 840 1685 Quod
864 1601 941 1666 ad
965 1611 1185 1665 statum
1207 1648 1225 1684 ,
1264 1621 1410 1664 cum
1443 1598 1910 1686 peregrinorum
1935 1648 1953 1681 ,
1980 1623 2119 1688 quae
2170 1603 2445 1668 servituti
2488 1624 2681 1690 appo-

658 1719 827 1782 nitur
851 1765 869 1800 ,
923 1714 1200 1779 libertate
1236 1710 1300 1799 1)
1354 1734 1478 1777 non
1527 1710 1965 1789 confundenda
2010 1724 2101 1777 est
2165 1715 2530 1801 quiritium,
2609 1729 2679 1782 ut

652 1839 907 1912 ¹vocant,
926 1850 1049 1916 qua
1070 1828 1230 1892 cives
1244 1826 1513 1891 Romani
1537 1823 1841 1911 gaudent,
1875 1824 2150 1911 libertas,
2179 1849 2527 1925 quamque,
2556 1830 2673 1894 nisi

604 1974 608 1978 Α
649 1943 767 2030 ipsi
796 1952 1072 2008 auctores
1120 1916 1319 2005 essent
1351 1987 1368 2021 ,
1419 1960 1545 2002 non
1585 1937 1983 2024 amittebant3
2030 1939 2288 2028 ejusque
2331 1944 2671 2009 amissionis
2765 1994 2768 1999 .

651 2058 864 2124 similis
884 2067 974 2122 est
995 2055 1147 2122 ratio
1168 2065 1352 2142 atque
1373 2053 1606 2118 amissae
1628 2053 1882 2119 civitatis
1919 2051 2018 2143 (ς.
2068 2051 2254 2143 68.);
2289 2055 2455 2122 unde
2483 2058 2668 2124 etiam

658 2173 736 2241 ad
767 2184 1094 2258 utramque
1135 2170 1397 2235 refertur
1434 2178 1774 2232 memorata
1808 2168 1988 2233 nobis
2024 2169 2191 2235 fictio
2232 2166 2323 2258 2).

731 2287 946 2353 Libera
996 2283 1338 2370 respublica
1395 2279 1717 2371 (libertas)
1773 2283 1985 2368 populi
2038 2284 2353 2369 Romani,
2408 2266 2675 2373 expulsis*

641 2400 954 2486 Regibus,
991 2421 1026 2462 a
1061 2396 1248 2461 Junio
1291 2395 1488 2461 Bruto
1522 2393 1625 2483 3),
1663 2395 1802 2483 lege
1839 2396 2170 2464 tribunicia
2201 2395 2331 2487 (?)‚
2364 2423 2445 2465 ne
2477 2421 2663 2488 quem
2736 2450 2739 2453 -

638 2515 855 2581 Romae
916 2531 1175 2597 regnare
1237 2515 1625 2593 paterentur,
1677 2508 1985 2595 simulque
2049 2510 2349 2575 obstrictis
2400 2513 2664 2598 jureju—

637 2625 827 2692 rando
870 2624 1106 2690 civibus
1130 2670 1148 2705 ,
1194 2617 1470 2685 instituta
1511 2618 1624 2708 4),
1674 2642 1813 2685 mox
1859 2620 2100 2686 duabus
2145 2623 2389 2709 legibus
2426 2627 2659 2694 Valerii

632 2739 964 2806 Publicolae
1003 2736 1243 2800 firmata
1287 2745 1414 2818 est,
1454 2734 1680 2816 altera,
1721 2744 1792 2798 ut
1825 2733 2059 2800 indicta
2099 2756 2282 2801 causa
2333 2750 2657 2806 necaretur

635 2854 842 2945 (sacer
875 2851 984 2918 Dis
1032 2849 1346 2931 Manibus,
1388 2869 1629 2913 sacrum
1674 2844 1935 2936 caput),
1983 2849 2092 2935 qui
2128 2872 2393 2936 regnum
2433 2852 2657 2920 adfec-

632 2978 812 3034 tasset
840 2962 955 3054 5),
996 2966 1185 3030 altera
1230 2960 1340 3052 6),
1381 2984 1504 3061 qua
1547 2961 1713 3048 plebi
1752 2983 1789 3028 a
1835 2962 2291 3048 magistratibus
2313 2968 2655 3053 provocatio

627 3106 947 3167 concessa,
973 3103 1090 3154 nec
1124 3080 1192 3143 in
1233 3088 1661 3166 provocantem
1698 3089 1806 3143 aut
1844 3078 2051 3166 flagris
2092 3091 2200 3145 aut
2234 3083 2430 3147 multa
2457 3082 2650 3170 adeo,

626 3200 745 3264 nisi
785 3197 993 3285 populi
1022 3193 1321 3280 suffragiis
1356 3191 1751 3277 damnatum,
1783 3192 2266 3261 animadvertere
2290 3197 2514 3263 licebat
2543 3196 2645 3286 7):
2723 3181 2746 3284 ’-

511 3357 555 3392 -‚
626 3336 766 3403 quae
805 3315 935 3396 lex,
975 3322 1043 3376 ut
1068 3310 1203 3374 aliae
1240 3306 1641 3394 patriciorum
1674 3305 2077 3373 dominationi
2105 3309 2404 3395 inimicae,
2432 3333 2646 3376 eorum

626 3429 858 3493 artibus
898 3426 1063 3492 elusa
1088 3473 1105 3507 ,
1143 3423 1415 3509 primum
1457 3420 1539 3509 (a.
1575 3419 1757 3507 305.)
1792 3423 2023 3491 Valerii
2056 3422 2386 3488 Publicolae
2414 3435 2476 3488 et
2513 3425 2645 3488 Ho-

602 3519 764 3610 ratii
792 3541 858 3630 8)
885 3592 902 3626 ,
934 3539 1157 3606 deinde
1180 3537 1262 3628 (a.
1299 3533 1480 3623 453.)
1502 3535 1737 3604 Valerii
1766 3536 1940 3601 Corvi
1971 3535 2075 3625 9),
2104 3547 2408 3621 postremo
2433 3546 2642 3602 autem

625 3657 725 3745 (a.
762 3659 913 3721 557.
938 3651 1007 3743 ),
1052 3664 1112 3719 et
1153 3651 1379 3716 sancita
1421 3650 1695 3737 graviore
1736 3673 1915 3738 poena
1943 3700 1960 3734 ,
1990 3651 2301 3735 rogatione
2332 3651 2411 3717 M.
2444 3653 2644 3719 Porcii

620 3772 791 3836 Lecae
833 3765 941 3855 10)
984 3767 1237 3856 repetita
1282 3778 1389 3831 est.
1431 3765 1552 3830 Sed
1594 3777 1655 3830 et
1695 3765 1974 3852 Porciam
2013 3766 2215 3851 legem
2240 3814 2257 3849 ‚
2283 3766 2464 3853 cujus
2503 3791 2643 3835 mo-

621 3893 994 3950 numentum
1036 3893 1336 3968 superstes
1364 3902 1594 3946 numus
1628 3877 1778 3965 11),
1815 3901 1936 3966 qua
1969 3877 2270 3947 damnatis
2300 3883 2377 3973 (a
2407 3886 2640 3972 magis-

621 3993 876 4084 tratu?)
908 3996 1158 4060 exilium
1187 3996 1549 4081 permissum
1576 4016 1731 4075 esse,
1763 4016 1798 4057 e
1827 3994 2108 4058 Sallustio
2150 3993 2258 4084 12)
2283 3999 2599 4087 colligeres
2620 4051 2636 4083 ,

619 4114 1003 4200 neglectam,
1035 4120 1096 4174 et
1142 4132 1177 4175 a
1217 4109 1576 4194 Sempronio
1607 4107 1885 4174 Graccho
1932 4106 2185 4178 demum
2232 4127 2568 4180 revocatam
2602 4140 2635 4180 c
