3111 4829
1399 401 1427 485 (
1461 399 1585 464 269
1626 403 1651 485 )

493 556 618 623 pro
641 556 710 599 ee
731 556 1009 599 caueam
1042 555 1237 622 aqere
1267 532 1343 598 sit
1364 533 1612 618 solitus3
1646 533 1755 622 qui
1782 532 2085 602 vindicem
2108 559 2235 603 non
2263 537 2518 626 dederit,

501 646 758 712 domum
789 647 870 711 ab
902 657 1150 712 auctore
1177 646 1433 714 ductum
1474 647 1870 736 vinctumque
1903 673 2050 715 esse.
2096 651 2284 716 Addit
2306 654 2519 738 Cajus,

487 771 706 850 ,postea
747 761 1093 846 complures
1131 761 1281 826 alias
1322 763 1487 849 leges
1534 785 1617 826 ezr
1656 764 1820 828 aliie
1858 764 2250 854 qulbuedum
2296 769 2521 832 caucia

496 873 957 964 prejudicato
993 897 1216 940 manus
1254 876 1652 962 injectionem
1699 880 1771 942 in
1802 877 2117 966 quosdam
2147 878 2380 944 dedisse
2404 927 2423 964 ,
2452 880 2520 946 in

501 987 699 1075 iisque
719 990 921 1076 legem
948 989 1277 1056 Publiliam
1302 991 1369 1056 in
1398 1014 1545 1057 eum
1569 1041 1586 1074 ,
1610 993 1718 1079 qui
1743 991 2081 1078 depensum
2115 995 2386 1079 sponsori
2421 1016 2523 1059 sex

502 1101 818 1167 mensibus
839 1103 1127 1189 proximis
1159 1127 1287 1169 non
1322 1106 1592 1171 solvisset
1615 1155 1630 1189 ,
1653 1117 1714 1170 et
1734 1106 1939 1193 legem
1960 1107 2206 1171 Furiam
2241 1108 2306 1171 in
2330 1130 2475 1172 eum
2501 1156 2520 1192 ,

503 1220 621 1308 qui
641 1239 686 1281 a
706 1239 1009 1306 sponsore
1028 1219 1183 1307 plue
1198 1242 1396 1307 quam
1416 1220 1677 1285 virilem
1688 1232 1956 1310 partem
1977 1220 2285 1308 exegisset.
2311 1220 2485 1286 Idem
2500 1270 2519 1305 ,

505 1335 582 1414 4,
624 1333 739 1414 23,
781 1329 1109 1420 quasdam
1147 1335 1436 1397 actiones
1460 1356 1588 1421 per
1621 1356 1859 1398 manue
1903 1335 2365 1422 injectionem,
2402 1333 2526 1400 ced

494 1467 781 1534 puram,
816 1448 867 1508 i.
913 1468 965 1509 e.
989 1490 1016 1520 ,
1043 1467 1172 1509 non
1202 1446 1656 1535 prejudicato
1693 1446 1934 1532 legibus
1974 1449 2328 1513 constitutas
2369 1467 2520 1512 me-

505 1566 702 1621 morat
729 1552 830 1645 2),
861 1579 943 1620 ex
965 1558 1234 1646 quibus,
1258 1559 1382 1643 ait,
1407 1559 1657 1648 legibus
1680 1583 1826 1623 cum
1857 1560 2215 1649 agebatur,
2244 1581 2519 1626 manum

502 1671 636 1735 eihs·
665 1671 984 1757 depellere
1019 1684 1082 1737 et
1103 1657 1228 1761 pro
1266 1697 1332 1738 ee
1362 1697 1558 1768 aqere
1595 1675 1884 1740 licuisse.

593 1784 874 1872 Pignoris
896 1786 1214 1880 capionem
1240 1792 1279 1852 3
1303 1784 1330 1880 )
1362 1789 1440 1853 Ca
1439 1789 1544 1873 jus
1567 1838 1583 1872 ,
1612 1794 1679 1872 4,
1704 1790 1826 1873 26,
1850 1790 1915 1852 in
1938 1788 2307 1881 quibusdam
2335 1788 2519 1853 rebus

499 1899 638 1986 lege
662 1950 680 1984 ,
711 1900 777 1965 in
817 1901 952 1965 aliis
981 1901 1273 1967 moribus
1302 1905 1408 1967 rei
1431 1903 1757 1967 militarie
1798 1903 2207 1968 introductam
2252 1924 2378 1970 esse
2402 1911 2522 1967 tra-

494 2012 626 2100 dit;
667 2037 809 2080 nam
858 2028 1103 2102 propter
1145 2039 1229 2081 aes
1272 2018 1536 2081 militare
1579 2017 1604 2107 (
1625 2019 1684 2102 §.
1735 2015 1935 2104 213.)
1979 2017 2101 2080 sive
2145 2013 2522 2101 stipendium

500 2128 745 2195 licuisse
781 2127 964 2192 militi
988 2127 1068 2195 ab
1091 2152 1167 2194 eo
1193 2179 1210 2213 ,
1240 2131 1349 2215 qui
1379 2131 1688 2195 tribuebat
1719 2130 1845 2220 (sic
1874 2126 2161 2220 legunt),
2185 2129 2301 2192 nisi
2324 2126 2517 2210 daret,

498 2243 726 2330 pignus
766 2264 983 2328 capere
1008 2292 1025 2327 ,
1062 2242 1353 2334 idemque
1391 2244 1635 2308 licuisse
1663 2254 1909 2329 propter
1942 2266 2034 2312 ωε
2070 2254 2356 2332 equestre
2394 2240 2521 2304 sive

498 2357 849 2443 pecuniam,
874 2378 994 2443 qna
1018 2379 1214 2444 equus
1234 2356 1548 2440 emenduS,
1574 2368 1941 2446 propterque
1957 2376 2047 2420 ωε
2068 2355 2519 2430 hor-diarium,

499 2495 571 2537 ex
610 2494 732 2563 quo
768 2471 1072 2538 hordeum
1110 2472 1284 2558 equis
1314 2469 1820 2557 comparandum.
1861 2469 1959 2534 Ad
1997 2469 2268 2557 pignoris
2309 2478 2521 2533 autem

499 2586 821 2673 cepionem
849 2586 985 2672 lege
1006 2586 1322 2652 inductam
1354 2586 1541 2671 Cajus
1560 2634 1577 2668 ,
1602 2589 1664 2667 4,
1691 2588 1800 2667 28,
1822 2594 2040 2669 praeter
2059 2584 2268 2671 lege...
2290 2581 2520 2674 (Plae-

505 2705 674 2769 toria
710 2722 791 2764 an
829 2699 1205 2786 legendum,
1247 2700 1466 2787 quaerit
1507 2693 1747 2788 Majus)
1799 2698 2192 2763 constitutam
2235 2697 2521 2762 adversus

497 2838 641 2899 eos,
688 2818 806 2908 qui
847 2817 1081 2904 aliqua
1112 2817 1245 2904 leqe
1281 2815 1633 2903 vectigalia
1680 2813 2012 2886 deberent,
2056 2835 2091 2876 e
2134 2813 2257 2876 XII
2293 2812 2517 2879 tabulis

503 2928 780 3019 (p.255.)
795 2931 1096 3000 actionem
1112 2930 1298 2995 refert
1316 2928 1602 2992 adversus
1623 2950 1792 3008 eum,
1810 2930 1927 3016 qui
1937 2927 2219 2992 boetiam
2236 2930 2520 3002 emisset,

500 3066 619 3108 neo
636 3048 932 3131 pretium
959 3044 1297 3119 redderet,
1334 3043 1484 3111 item
1506 3039 1793 3106 adversus
1817 3062 1962 3107 eum
1979 3088 1996 3123 ‚
2020 3044 2137 3127 qui
2163 3039 2522 3106 mercedem

500 3179 628 3222 mm
669 3156 973 3224 redderet
1000 3179 1127 3245 pro
1156 3177 1227 3220 eo
1253 3158 1596 3244 jumento,
1639 3152 1812 3242 quod
1838 3156 1987 3242 quie
2025 3152 2168 3216 ideo
2200 3154 2477 3216 loeas-eet
2492 3197 2521 3228 ,

499 3283 577 3337 ut
602 3270 756 3340 indo
788 3273 1144 3358 pecuniam
1173 3280 1511 3355 acceptam
1546 3269 1623 3330 in
1655 3266 1890 3354 dapem
1912 3312 1937 3342 ,
1968 3268 2017 3332 i.
2051 3289 2103 3331 e.
2121 3310 2147 3342 ,
2192 3268 2268 3329 in
2302 3268 2526 3335 caera·-

491 3389 726 3480 fieium
764 3358 1187 3474 impenderet.
1238 3383 1541 3449 Coeterum
1566 3430 1584 3465 ‚
1621 3380 1787 3469 quod
1830 3380 2103 3467 pignoris
2145 3380 2318 3465 capio
2361 3390 2525 3450 extra

495 3501 633 3587 jus,
663 3522 789 3571 non
817 3498 982 3587 apud
1023 3497 1350 3561 Praetorem
1371 3544 1389 3579 ,
1415 3496 1781 3583 plerumque
1809 3496 1996 3558 etiam
2037 3494 2283 3559 absente
2306 3492 2525 3557 adver-

436 3674 441 3695 ,
504 3615 689 3699 sario,
711 3636 814 3699 ac,
846 3613 895 3675 si
926 3609 1193 3695 capienti
1225 3608 1488 3695 placeret
1516 3655 1532 3690 ,
1569 3606 1800 3671 nefesto
1838 3628 2085 3696 quoque
2121 3604 2220 3667 die
2255 3625 2525 3690 perage-—

502 3728 716 3811 batur,
762 3749 902 3815 quoe
927 3733 1149 3791 cuncta
1192 3732 1550 3787 caeterarum
1593 3719 2024 3784 consuetudini
2065 3720 2264 3784 aliena
2287 3767 2304 3802 ,
2332 3717 2481 3783 hinc
2506 3765 2525 3802 ,
2550 3736 2577 3755 '

489 3840 689 3927 -Cajus
710 3889 727 3924 ,
755 3846 823 3924 4,
853 3844 934 3904 29
954 3889 971 3923 ,
1008 3847 1218 3903 monet
1237 3884 1256 3921 ‚
1288 3837 1367 3900 ab
1391 3833 1705 3899 nonnullis
1730 3833 1900 3897 illam
1935 3855 1970 3897 a
2000 3832 2152 3918 legis
2181 3830 2525 3900 actionibus

505 3952 768 4043 separari
793 4001 813 4036 ,
841 3976 878 4018 a
919 3952 1224 4043 plerisque
1262 3960 1505 4033 tamen,
1559 3946 1626 4011 in
1666 3946 1741 4010 iis
1782 3944 1921 4011 ideo
1965 3942 2313 4033 ponendam
2366 3944 2526 4010 exis-

502 4067 706 4139 timari
726 4091 743 4149 3
765 4066 1057 4152 quoniam
1081 4088 1151 4130 ex
1174 4062 1463 4129 omnibus
1485 4112 1501 4147 ,
1523 4061 1751 4152 quibus
1772 4059 2062 4152 competit
2085 4108 2103 4148 ,
2126 4058 2325 4126 causis
2344 4058 2523 4127 certis

505 4180 702 4251 verbis
736 4179 963 4271 pignus
993 4179 1347 4270 capiebatur
1385 4174 1474 4270 4).
