3111 4829
1546 326 1800 410 (264)

649 450 977 532 ,Ciceronis
1023 459 1158 523 loco
1180 504 1199 542 ,
1242 468 1448 525 tamen
1491 458 1725 546 ubique
1764 458 1845 525 ad
1864 485 1867 492 ·
1889 470 2124 545 partem
2177 461 2359 529 modo
2397 462 2688 549 judicum

643 582 972 655 spectare,
1003 592 1130 635 non
1166 570 1245 635 ad
1284 592 1499 637 omnes
1535 572 1605 644 in
1637 571 1852 637 album
1878 573 2097 638 relatos
2120 622 2138 657 ,
2174 573 2519 642 crederem.
2558 577 2686 643 Cur

665 683 835 748 enim
871 684 1078 749 selecti
1113 684 1200 749 sic
1224 682 1508 749 dicantur
1542 685 1653 749 uui
1677 734 1695 768 ,
1724 706 1920 772 quum
1964 708 2180 752 omnes
2213 689 2499 774 selectos,
2537 691 2583 756 i.
2629 712 2686 757 e.

662 820 735 863 ex
768 797 845 862 iis
866 847 884 882 ,
907 798 1018 885 qui
1044 799 1169 885 legi
1201 798 1363 863 inter
1384 796 1629 882 judices
1650 809 1926 884 possent,
1946 821 1982 865 a
2007 800 2271 865 Praetore
2299 802 2488 868 lectos
2520 823 2687 889 esse,

677 933 863 975 nemo
897 907 1256 998 ignoraret?
1306 913 1437 978 Sub
1484 911 1822 978 Caesaribus
1862 924 2026 978 certe
2069 937 2108 979 a
2145 915 2378 981 caeterie
2413 915 2679 982 diversos

639 1023 845 1112 ,fuisse
882 1024 1129 1088 selectos
1153 1024 1426 1108 judices,
1448 1025 1686 1090 Plinius
1716 1036 1971 1091 testatur
1993 1024 2102 1114 5),
2124 1026 2418 1111 judicum
2439 1076 2458 1112 ‚
2483 1027 2682 1118 (scili-

658 1145 756 1201 cet
779 1183 797 1218 ,
835 1146 906 1200 ut
941 1146 1118 1222 puto,
1152 1158 1364 1203 eorum
1384 1186 1402 1221 ,
1438 1139 1548 1225 qui
1582 1160 1708 1202 non
1751 1139 2037 1203 senatorii
2070 1137 2378 1229 ordinis,)
2402 1140 2686 1208 decurias

654 1248 839 1312 aliam
867 1248 1258 1314 tribunorum
1288 1250 1425 1314 aeris
1448 1297 1467 1333 ,
1498 1250 1685 1316 aliam
1716 1251 2135 1336 selectorum;
2164 1253 2353 1318 aliam
2389 1253 2679 1339 judicum

656 1360 928 1446 faciens;
973 1373 1192 1448 praeter
1242 1385 1394 1451 quos
1445 1367 1825 1430 etiamnunc
1876 1377 2227 1456 novigentoc
2269 1388 2400 1434 esse
2442 1378 2681 1434 vocatos

651 1474 738 1539 ait
762 1521 780 1558 ,
820 1476 904 1538 σὼ
938 1475 1273 1550 omnihm,
1309 1477 1339 1566 (
1357 1498 1439 1543 sc.
1466 1476 1665 1541 tribus
1688 1526 1706 1561 ,
1740 1478 1995 1564 opinor,
2024 1479 2147 1544 illis
2191 1479 2545 1571 decuriis,)
2573 1506 2682 1556 ee,-

627 1587 854 1670 ‚lectos
896 1587 992 1653 ad
1029 1588 1496 1655 custodiendae
1536 1594 1744 1657 cistae
1782 1592 2260 1682 ‹ruffi-afiorum
2292 1598 2368 1659 in
2395 1598 2685 1662 comitiis

655 1699 744 1788 (ς.
781 1698 961 1788 166.)
992 1701 1147 1782 Quae
1169 1750 1188 1786 ,
1222 1713 1512 1767 caetcrum
1536 1752 1554 1787 ,
1590 1715 1662 1768 ut
1702 1705 1995 1794 pleraque
2024 1707 2242 1772 eodem
2281 1708 2351 1790 in
2371 1709 2571 1796 capite
2601 1709 2680 1775 de

650 1813 919 1900 equestri
947 1811 1162 1878 ordine
1195 1825 1255 1878 et
1267 1812 1588 1898 judicibus
1618 1829 1860 1882 narrata
1881 1866 1901 1901 ,
1925 1820 2157 1884 mirum
2194 1821 2261 1885 in
2285 1821 2542 1887 modum
2567 1823 2680 1888 ob-

648 1947 824 1991 scura
850 1974 870 2011 ,
905 1927 1230 1992 manifesto
1269 1938 1478 1992 tamen
1527 1930 1777 1994 selectos
1817 1929 1896 1995 ab
1939 1929 2074 1997 aliis
2120 1933 2528 2022 distinguunt.
2573 1935 2674 1999 Ad

580 2037 589 2045 ’
645 2042 893 2129 publica
926 2042 1168 2127 judicia
1207 2041 1316 2107 hos
1354 2042 1723 2129 pertinuisse
1758 2067 1829 2108 ex
1866 2045 2056 2109 altero
2091 2045 2297 2111 Ovidii
2329 2049 2462 2113 loco
2485 2098 2503 2132 ,
2548 2071 2669 2112 nec

644 2178 790 2222 mea
809 2154 1502 2245 eclectojudicejusea
1525 2159 1719 2245 fiaqa,
1748 2155 1949 2223 Triet.
1978 2159 2072 2242 Π,
2109 2162 2255 2245 132,
2282 2160 2672 2248 colligimus;

641 2293 723 2338 an
752 2295 789 2337 a
813 2271 1056 2359 privatis
1091 2271 1213 2334 sint
1239 2268 1642 2353 excludendi,
1676 2267 1855 2334 nobis
1895 2270 2146 2335 interim
2181 2293 2307 2338 non
2340 2265 2554 2360 liquet.

623 2363 628 2370 ⁵
729 2387 804 2452 ln
826 2384 1142 2471 judicibus
1163 2382 1441 2472 legendis
1461 2394 1766 2470 quatenus
1785 2382 2016 2450 ordinis
2045 2383 2255 2457 hahita
2286 2388 2440 2453 ratio
2480 2389 2556 2453 sit
2582 2438 2601 2476 ,
2624 2413 2661 2456 e

640 2499 1126 2589 praecedentibus
1149 2499 1345 2585 patuit
1364 2522 1381 2582 3
1398 2498 1672 2585 itemque
1696 2498 1967 2584 plebejos
1990 2520 2062 2561 ex
2087 2500 2460 2584 amplissimo
2478 2525 2672 2568 censu

638 2617 828 2680 lectos
866 2635 1015 2678 esse.
1049 2608 1249 2676 Minor
1286 2610 1406 2675 fuit
1440 2609 1916 2676 ducenariorum
1942 2659 1960 2694 ,
2000 2622 2235 2697 quartae
2278 2610 2548 2677 decuriae
2589 2615 2672 2679 ab

638 2728 917 2815 Augusto
946 2724 1199 2813 adjectae
1233 2722 1328 2818 (§.
1361 2728 1511 2792 269.
1531 2723 1591 2813 ),
1636 2747 1902 2812 quorum
1930 2747 2186 2789 censum
2230 2726 2497 2793 ducenta
2528 2752 2669 2793 ses—-

635 2843 814 2908 tertia
857 2842 1040 2907 fuisse
1064 2890 1082 2925 ,
1115 2863 1150 2906 e
1195 2838 1448 2905 nomine
1480 2840 1841 2925 conjiciunt.
1878 2838 2047 2904 AEtas
2088 2839 2362 2927 primum
2409 2841 2668 2910 definita

634 2956 704 3021 in
732 2955 1059 3043 Equitibus
1078 3002 1097 3037 ,
1128 2975 1324 3042 eaque
1353 2976 1389 3018 a
1422 2951 1711 3017 vicesimo
1739 2952 1955 3040 quinto
1982 2951 2062 3018 ad
2090 2957 2534 3042 sexagesimum
2559 2980 2671 3022 an-

634 3080 832 3155 num3
880 3067 983 3134 sed
1013 3068 1329 3154 Augustus
1358 3089 1396 3132 a
1438 3067 1729 3132 vicesimo
1759 3065 1993 3155 adlegit
2039 3064 2141 3157 6).
2173 3070 2209 3133 J
2214 3069 2408 3134 udicis
2436 3094 2668 3135 munus

632 3198 707 3251 ut
731 3182 1143 3250 honorificum
1174 3181 1261 3246 sic
1290 3181 1654 3267 molestum,
1682 3204 1885 3268 neque
1912 3183 2183 3247 liberum
2211 3184 2331 3249 fuit
2357 3181 2457 3274 7),
2485 3186 2666 3251 variis

631 3310 841 3364 tamen
869 3292 1225 3371 nominibus
1253 3315 1537 3359 concessa
1562 3295 1885 3396 ⁴vacatione
1917 3294 2008 3384 8).
2278 3290 2305 3393 Ἰ
2626 3282 2627 3287 ¹

694 3453 1466 3527 1)Cs.11ein.⁴,17,2,et⁴‚
1492 3454 1583 3519 18,
1610 3422 2057 3509 musca-mm
2080 3463 2225 3508 atate
2246 3458 2372 3513 eeu.
2398 3458 2495 3523 14,
2521 3459 2571 3506 ε.
2595 3487 2661 3499 -

627 3550 682 3614 2)
705 3549 781 3598 Cf.
801 3549 905 3597 Cic.
924 3563 985 3612 p.
1013 3546 1214 3596 ame.
1237 3544 1333 3609 45,
1355 3545 1476 3594 Hor.
1507 3544 1622 3595 Sat.
1647 3545 1673 3595 1
1694 3582 1711 3611 ,
1734 3544 1767 3596 4
1784 3583 1801 3610 ,
1826 3546 1940 3597 122.
1960 3575 2023 3587 —-
2042 3548 2095 3613 δ)
2117 3548 2190 3595 Cf.
2216 3546 2300 3595 cic
2326 3545 2476 3595 Verr.
2503 3547 2527 3596 1
2550 3584 2566 3610 ‚
2590 3547 2624 3598 6
2643 3586 2661 3615 ,

624 3641 727 3705 61,
750 3640 895 3687 Hein.
918 3636 977 3701 4,
1012 3633 1107 3700 18,
1130 3634 1214 3686 23.
1235 3663 1298 3674 —
1316 3633 1367 3701 4)
1393 3635 1534 3684 ovid.
1561 3638 1738 3685 Amor.
1774 3634 1833 3699 1,
1870 3636 1957 3700 10,
1983 3636 2078 3699 38,
2108 3635 2266 3685 Trist.
2284 3635 2315 3682 2
2336 3671 2351 3698 ,
2380 3634 2508 3701 152,
2542 3637 2658 3687 Sen.

623 3729 687 3778 de
698 3729 878 3792 Renes.
890 3727 940 3792 ὅ,
959 3726 1014 3793 7,
1037 3726 1168 3774 Ptin.
1191 3724 1285 3792 35,
1309 3725 1361 3792 2,
1383 3726 1488 3775 Cic.
1518 3725 1577 3774 V
1570 3743 1670 3775 err.
1681 3727 1734 3791 2,
1750 3725 1831 3776 13.
1857 3727 1995 3776 Idem
2004 3743 2061 3790 p.
2084 3725 2282 3775 Clamat.
2305 3723 2389 3790 43,
2407 3727 2658 3778 Proetoree

624 3819 815 3869 ear-bans·
824 3853 840 3881 ,
863 3816 1143 3882 qou'jumtt‘
1160 3817 1340 3866 debent
1358 3819 1609 3881 optimum
1628 3832 1876 3880 quemque
1897 3819 1958 3866 in
1976 3817 2178 3866 ”lectos
2190 3816 2398 3880 judices
2432 3819 2619 3881 mfhm
2633 3858 2650 3883 ‚

622 3922 923 3971 nunquam,
955 3906 1059 3955 siba·
1088 3907 1160 3956 ad
1188 3921 1300 3955 eam
1332 3922 1437 3955 rem
1469 3908 1752 3957 censoriam
1787 3908 2123 3969 ignominiam
2156 3908 2517 3972 impedimento
2550 3928 2656 3959 esse

621 4001 842 4060 oportere
858 4030 873 4060 ,
896 3995 1173 4045 duxerunt.
1197 4022 1259 4034 —-
1282 3993 1335 4061 5)
1361 3992 1452 4057 53,
1479 3992 1528 4042 2.
1551 4023 1611 4032 —-
1638 3994 1689 4059 6)
1717 3994 1848 4041 Suet.
1874 3996 2014 4057 Auq.
2041 3994 2104 4044 32
2120 4030 2138 4061 ,
2166 3996 2253 4045 uhi
2278 4013 2367 4062 pro
2402 4001 2653 4049 tricesimo
