3111 4829
611 524 685 572 Cf.
710 526 812 591 an.
837 527 870 575 2
887 562 903 591 ,
941 529 1056 594 101,
1088 531 1235 583 Hein-
1257 534 1430 599 2,10.
1465 534 1550 590 11.
1573 536 1667 602 12,
1701 535 1833 588 2.-
1856 537 1910 605 5)
1931 539 2009 590 Cf.
2031 538 2245 591 Gen.15
2263 576 2281 606 ‚
2304 540 2390 591 27.
2410 542 2541 610 -6)
2565 544 2646 595 Cf.

510 640 515 647 =
608 612 722 677 mp.
745 614 1007 680 Fraqmm.
1031 620 1097 668 20
1115 656 1132 685 ,
1156 621 1208 686 2,
1240 623 1386 673 uein.
1410 624 1472 688 2,
1508 624 1592 674 10.
1630 625 1712 676 11.
1738 625 1949 693 12.,13.
1974 628 2108 695 —7)
2131 629 2191 696 2,
2228 630 2343 680 103.
2367 645 2479 697 sqq.
2506 660 2564 671 —-
2584 633 2642 700 8)

605 702 682 750 Ct'.
707 703 841 753 Suet.
864 706 1002 758 Nero
1024 709 1074 759 4.
1103 740 1163 747 -
1180 711 1233 777 9)
1258 712 1323 765 V.
1343 714 1449 780 an.
1468 714 1532 781 2,
1554 712 1674 766 104.
1693 742 1759 754 -
1779 717 1864 783 10)
1890 718 1952 767 112
1977 716 2093 768 107.
2118 717 2389 787 —11)cr.
2409 722 2554 771 Hein.
2575 723 2608 772 2
2639 758 2655 788 ,

605 789 788 841 10.11.
816 792 907 860 12,
931 795 962 844 5
980 794 1043 861 [et
1075 798 1157 849 16.
1176 828 1239 838 —
1259 801 1342 868 12)
1364 800 1412 871 §0
1435 803 1628 855 109.—
1648 802 1733 873 15)
1766 805 1843 854 Ad
1862 807 2245 857 vetustissimum
2279 812 2559 860 testamenti
2589 813 2646 862 iu

600 883 866 946 procinctu
888 887 1040 936 ritum
1060 927 1075 952 ,
1100 906 1252 954 quem
1275 908 1374 941 non
1397 898 1639 942 memorat
1673 894 1817 961 Cujus
1834 932 1850 960 ,
1886 897 2134 947 incertum
2148 935 2164 963 ,
2188 898 2312 963 quid
2345 902 2645 951 trahendum

603 974 771 1036 exiis,
797 992 910 1039 quae
930 980 1114 1030 seriore
1143 987 1287 1031 oetate
1318 983 1431 1048 (Cf.
1464 983 1595 1034 Van.
1633 984 1696 1049 2,
1719 983 1773 1051 5,
1795 984 1901 1034 Cic.
1923 987 1986 1035 de
2016 986 2090 1036 N.
2110 986 2187 1037 D.
2210 987 2274 1052 2,
2311 989 2379 1055 3,
2415 991 2477 1040 de
2496 991 2649 1041 Orat.

606 1060 632 1111 1
658 1099 672 1125 ‚
696 1063 792 1129 55)
826 1066 1095 1117 obtinuisse
1128 1071 1398 1135 accipimus
1439 1072 1518 1137 (v.
1555 1072 1701 1122 Ilein.
1725 1074 1786 1137 2,
1810 1073 1892 1123 10.
1918 1073 2000 1126 11.
2022 1074 2114 1140 12,
2137 1075 2239 1142 ὅ),
2265 1077 2318 1125 in
2346 1079 2565 1144 quibus,
2588 1087 2654 1132 ut

606 1150 661 1207 5⁸
682 1154 940 1215 procinctu
968 1162 1199 1207 testantes
1221 1161 1391 1210 cinctu
1412 1162 1594 1225 gabino
1620 1162 1721 1227 (cf.
1745 1163 1882 1217 Serv.
1917 1162 1997 1212 ad.
2026 1164 2150 1213 AEn.
2184 1165 2218 1216 7
2236 1201 2253 1229 ,
2288 1166 2421 1233 612)
2443 1205 2460 1233 ,
2499 1174 2644 1217 scuto

604 1255 778 1290 manus
799 1243 1065 1295 inserentes
1084 1284 1100 1310 ‚
1122 1250 1283 1297 tribus
1306 1256 1392 1299 aut
1409 1257 1626 1314 quatuor
1641 1252 1955 1301 audientibus
1968 1290 1985 1318 ‚
2005 1253 2240 1304 heredem
2263 1272 2408 1305 suum
2438 1273 2639 1307 nuncu-

602 1335 796 1391 parent.
815 1330 981 1395 Longe
998 1332 1188 1385 diversa
1205 1342 1281 1386 est
1293 1338 1388 1388 sub
1411 1339 1684 1389 ommibu-
1700 1340 1978 1391 testamenti
1994 1342 2223 1393 militaris
2242 1345 2388 1396 ratio.
2407 1345 2470 1394 V.
2489 1346 2636 1396 Hein.

602 1415 777 1481 2,10.
800 1418 1105 1487 11.12,16.

701 1562 848 1627 104.
901 1562 1239 1632 Condendo
1276 1579 1673 1655 testamento,
1705 1580 1777 1635 ut
1805 1581 1971 1638 recte
1997 1574 2206 1639 omnia
2236 1553 2462 1640 fierent
2492 1625 2509 1660 ‚
2540 1588 2641 1660 et,

610 1694 752 1758 quae
787 1675 1041 1764 liceret,
1072 1690 1318 1746 tantum
1356 1693 1811 1769 statuerentur,
1857 1686 2176 1774 plerique,
2223 1701 2294 1753 ut
2326 1712 2438 1776 par
2472 1702 2639 1773 erat,

598 1785 1069 1876 jureconsultus,
1093 1815 1297 1880 neque
1319 1804 1525 1861 tamen
1539 1798 1756 1883 coacti,
1778 1797 2156 1867 adhibebant
2184 1801 2270 1891 1).
2296 1804 2629 1893 Caeterum,

603 1910 712 1962 aut
739 1900 866 1986 ipse
895 1914 1144 1971 testator
1178 1908 1529 1996 integrum,
1567 1910 2020 2000 holographum
2048 1914 2139 2004 2),
2158 1917 2460 1984 scribebat
2479 1968 2498 2003 ‚
2528 1930 2639 1984 aut

564 2032 567 2035 ’
604 2013 855 2080 alterius
884 2039 1078 2086 manu
1107 2019 1220 2109 3),
1257 2024 1411 2087 servi
1443 2072 1462 2107 ,
1502 2025 1708 2092 liberti
1730 2075 1748 2111 ‚
1780 2028 1967 2093 amici
1992 2078 2011 2113 ,
2044 2031 2269 2117 scripto
2324 2032 2586 2097 addebat
2613 2081 2631 2117 ‚

606 2147 669 2191 se
699 2127 952 2197 dictasse
983 2183 1001 2218 ‚
1034 2146 1095 2200 et
1124 2140 1565 2224 recognovisse.
1605 2142 1874 2209 Alterius
1895 2146 2244 2210 testamenti
2267 2151 2520 2233 scriptor
2549 2168 2631 2210 ne

604 2244 880 2330 legatum
916 2247 1032 2312 sibi
1061 2249 1471 2338 adscriberet,
1501 2265 1758 2320 cautum
1788 2255 1905 2321 suh
1930 2259 2175 2323 Nerone
2196 2261 2381 2324 refert
2403 2261 2627 2325 Sueto-

603 2356 748 2422 nius
780 2354 868 2447 4).
928 2362 1211 2450 Testium·
1252 2365 1763 2455 subscriptionem
1807 2380 1870 2436 et
1927 2372 2455 2461 subsignationem
2516 2373 2585 2465 5)
2617 2424 2636 2460 ‚
2713 2445 2724 2454 ,

600 2471 771 2535 unde
807 2473 1130 2562 obsignare
1153 2525 1172 2562 ,
1228 2480 1540 2567 resignare
1587 2493 2024 2551 testamentum
2059 2483 2150 2574 ,6)
2200 2498 2298 2553 ete
2322 2536 2341 2572 ‚
2404 2490 2666 2554 Praetor'

605 2583 862 2647 demum
893 2589 1095 2675 exegit
1122 2587 1214 2677 7).
1247 2591 1322 2655 In
1349 2595 1724 2658 testamentis
1752 2598 2001 2661 nonnisi
2040 2599 2257 2684 lingua
2290 2600 2501 2667 Latina
2530 2603 2636 2685 8),

600 2697 669 2760 in
711 2698 1197 2769 fideicommissis
1226 2704 1443 2772 Graeca
1479 2708 1668 2773 etiam
1691 2720 1752 2773 et
1777 2710 1914 2775 aliae
1937 2708 2007 2798 9)
2048 2710 2350 2778 admissae.
2374 2713 2451 2779 In
2474 2715 2634 2778 ceris

597 2813 968 2902 plerumque
1025 2817 1149 2883 sive
1180 2818 1402 2884 tabulis
1439 2821 1664 2907 scripta
1702 2844 1870 2908 csse,
1916 2826 2013 2888 vel
2053 2822 2201 2889 inde
2224 2835 2433 2913 patet,
2466 2826 2633 2914 quod

598 2948 757 2991 cerae
784 2928 1100 2997 interdum
1125 2981 1143 3017 ,
1187 2943 1250 3000 et
1302 2935 1493 3022 vulgo
1520 2935 1748 3000 tabuloe
1778 2947 2076 3003 vocantur
2131 2934 2276 3026 10);
2319 2939 2506 3006 ‘unde
2552 2939 2634 3007 de

599 3042 875 3127 partibus
903 3067 1042 3113 cera
1080 3047 1280 3135 prima
1305 3096 1324 3133 ‚
1354 3049 1482 3115 ima
1504 3099 1522 3135 ‚
1560 3061 1682 3118 etc.

632 3225 643 3232 ’
667 3205 717 3264 1)
733 3204 928 3255 cneio.
949 3207 1011 3256 do
1032 3208 1161 3258 Orat
1174 3209 1225 3273 2,
1249 3209 1302 3274 6,
1327 3209 1461 3260 Suet.
1485 3210 1624 3261 Nero
1646 3211 1731 3277 82,
1754 3212 1900 3262 nain.
1923 3212 1958 3262 2
1979 3212 2095 3278 ,10.
2120 3213 2203 3265 11.
2226 3213 2310 3265 12.
2334 3251 2352 3281 ,
2375 3215 2637 3280 8.-2)cr.

602 3293 911 3360 Isidvn'qq.
929 3295 962 3345 5
976 3334 992 3360 ,
1006 3297 1211 3362 24.--5)
1224 3299 1442 3349 Alterius
1452 3304 1802 3351 testamentum
1814 3303 2034 3353 scribens
2043 3306 2438 3355 testamentarius
2456 3307 2640 3356 dictus.

600 3383 680 3432 Cf.
710 3384 823 3450 ulp.
847 3385 907 3434 Ι).
932 3386 998 3435 28
1018 3425 1034 3450 ,
1056 3388 1089 3438 5
1110 3425 1125 3452 ,
1142 3386 1175 3438 9
1195 3426 1210 3453 ,
1232 3390 1283 3439 5.
1310 3391 1380 3440 De
1402 3390 1581 3440 falsum
1613 3393 1863 3442 scribente
1884 3399 2095 3459 usurpat
2119 3395 2296 3444 Cicero
2312 3432 2331 3460 ‚
2353 3396 2416 3444 de
2439 3395 2543 3459 Off.
2568 3395 2636 3460 5,

602 3472 684 3523 18.
702 3474 765 3524 V.
790 3475 938 3525 Briss.
962 3479 1024 3528 de
1041 3479 1222 3529 For-m.
1248 3480 1367 3531 vn.
1390 3498 1446 3547 p.
1469 3482 1587 3532 587.
1612 3510 1673 3522 —-
1695 3483 1748 3546 4)
1771 3483 1901 3533 Nero
1925 3484 2007 3535 17.
2031 3484 2321 3536 Suetonium
2336 3500 2521 3533 errasse
2544 3520 2560 3548 ‚
2585 3490 2639 3532 et

599 3564 694 3613 sub
717 3565 922 3617 Claudio
962 3573 1166 3619 cautum
1187 3587 1293 3621 esse
1311 3608 1328 3636 ‚
1361 3572 1573 3623 suadent
1601 3573 1703 3623 loci
1723 3574 2104 3624 Pandectarum.
2119 3603 2176 3612 —
2191 3575 2245 3636 5)
2264 3574 2456 3623 Cs.Cic.
2482 3573 2538 3620 V
2532 3591 2636 3623 err.

601 3652 627 3702 1
652 3653 750 3717 ‚45
773 3692 788 3718 ,
814 3658 949 3707 Suet.
993 3659 1113 3710 Tib.
1138 3666 1264 3710 extr.
1284 3690 1347 3700 —
1370 3662 1424 3726 6)
1448 3664 1524 3713 Cf.
1548 3664 1671 3714 Hor.
1710 3664 1917 3729 Ep.1‚
1956 3663 2023 3730 7,
2062 3663 2114 3713 9.
2138 3663 2273 3726 -7)
2318 3663 2394 3712 Cf.
2434 3663 2537 3729 Caj.
2563 3664 2597 3712 2
2615 3700 2633 3729 ,

552 3766 558 3772 ·
602 3741 698 3791 119
721 3749 772 3792 et
794 3744 907 3812 147,
932 3749 1078 3798 Heia.
1100 3751 1134 3801 2
1157 3788 1174 3816 ,
1215 3751 1405 3803 10.11.
1440 3753 1522 3804 12.
1548 3792 1565 3819 ,
1604 3754 1658 3804 7.
1678 3784 1740 3793 -
1761 3755 1813 3818 8)
1838 3755 1914 3803 Cf.
1940 3755 2054 3819 mp.
2091 3753 2353 3817 Fraqmm.
2372 3753 2437 3804 25
2461 3791 2477 3817 ,
2501 3754 2553 3802 9.
2578 3783 2642 3792 -

601 3829 657 3890 9)
681 3831 824 3881 Heia.
845 3831 890 3903 §.
940 3839 1019 3888 10.
1037 3868 1100 3878 -
1129 3841 1217 3902 10)
1257 3842 1379 3891 Hor.
1404 3843 1517 3893 Sat.
1542 3845 1605 3908 2,
1651 3843 1719 3908 5,
1752 3843 1837 3907 51,
1872 3843 1984 3905 Qus·
1997 3849 2348 3891 testamentum
2369 3845 2533 3895 tradet
2547 3845 2644 3894 tibi

602 3935 805 3983 cunque
821 3923 1087 3986 leyendum
1102 3963 1121 3992 ,
1140 3927 1362 3980 abnuere
1378 3966 1397 3996 ,
1417 3940 1466 3980 et
1487 3930 1688 3982 tabulas
1705 3949 1740 3982 a
1762 3940 1806 3980 tc
1818 3947 2064 3980 remwere
2080 3940 2322 3981 memento
2342 3968 2361 3998 ,
2376 3936 2450 3982 sic
2467 3942 2639 3984 tamen

605 4016 666 4057 ut
686 4010 822 4058 limis
855 4016 1061 4079 rapias,
1104 4020 1234 4080 quid
1252 4022 1430 4083 prima
1450 4023 1673 4071 secundo
1693 4038 1810 4071 cera
1850 4020 1968 4068 velit
2005 4037 2154 4071 versu
2171 4040 2193 4083 ,-
2223 4023 2362 4074 solus
2394 4025 2638 4074 multisne

607 4100 821 4150 coltoeres
838 4135 855 4165 ,
873 4103 1029 4152 veloci
1039 4121 1287 4169 percurre
1305 4111 1470 4159 oculo.
1494 4111 1570 4160 Ct'.
1591 4111 1617 4159 J
1625 4127 1772 4160 uren.
1794 4108 1826 4158 4
1849 4145 1863 4172 ,
1884 4106 1963 4157 19.
