3111 4829
1530 381 1783 466 (380)

645 531 709 596 et
737 514 926 606 493.)
960 516 1191 581 infimae
1218 517 1442 603 pariter
1473 515 1841 581 conditionis
1871 538 2033 601 esse,
2067 509 2182 603 'par
2208 530 2336 584 erat
2364 519 2530 605 apud
2560 542 2682 606 po-

646 634 867 720 pulum
890 680 907 715 ,
961 632 1065 696 cui
1118 630 1539 716 turpissimum
1588 631 1829 694 servire.
1880 632 2240 698 mercatores
2283 633 2445 700 infra
2482 636 2681 698 attin-

648 768 906 833 gemus:
956 744 1382 810 sordidissimis
1429 743 1879 813 adnumerandi
1930 768 2272 832 mangones
2297 795 2314 830 ,
2367 769 2682 833 caupones

647 859 1016 953 (cerdones)
1043 911 1060 943 ,
1089 884 1126 926 a
1154 860 1379 947 quibus
1400 883 1620 946 parum
1648 860 1871 926 distant
1897 862 2165 926 lenones.
2194 862 2481 927 Scenicos
2521 885 2685 928 con-

648 954 868 1041 temtos
887 1023 905 1057 ‚
933 973 1292 1060 gladiatores
1322 973 1589 1060 perditos
1619 973 1885 1038 diximus
1917 972 2014 1063 (5
2049 973 2243 1061 352.)
2275 974 2463 1039 Medii
2505 976 2688 1062 quasi

644 1088 807 1152 inter
832 1088 1190 1173 Equestrem
1232 1085 1513 1151 ordinem
1563 1098 1624 1151 et
1666 1089 2129 1155 existimationis
2180 1100 2456 1176 expertes
2506 1101 2689 1155 erant

650 1202 863 1270 scribae
893 1199 994 1294 7),
1041 1201 1395 1292 publicani,
1427 1213 1486 1270 et
1534 1199 1561 1292 (
1574 1203 1634 1288 §.
1687 1200 1883 1294 213.)
1925 1181 2095 1275 {valde
2134 1204 2416 1276 honorati
2446 1204 2689 1272 tribuni

659 1316 859 1386 aerarii
890 1312 978 1403 8).

716 1464 772 1531 1)
799 1466 874 1515 Cf.
896 1466 1098 1531 Dionys.
1123 1468 1184 1532 2,
1203 1466 1296 1532 28,
1319 1467 1377 1532 6,
1399 1468 1465 1518 55
1484 1505 1499 1533 ,
1517 1467 1581 1533 9,
1606 1467 1670 1518 25
1690 1505 1706 1532 ,
1747 1453 1943 1523 Ov'dui
1981 1455 2090 1539 γοέρ
2118 1461 2230 1537 ε’ξοὶἵ
2266 1457 2528 1537 Ῥωμαίων
2563 1457 2689 1521 οὗτε

656 1566 903 1643 κάπηλον
943 1569 1063 1632 εἴτε
1094 1570 1438 1652 χιιροτίχνηι
1472 1570 1581 1650 ,elon
1610 1570 1778 1652 ἵχω.
1824 1577 1969 1643 -2)
2010 1576 2088 1625 Cf·
2122 1575 2258 1625 F101'·
2297 1574 2357 1641 1,
2398 1576 2460 1640 θ,
2494 1577 2601 1625 (30·
2626 1593 2696 1640 Ρ-

655 1676 801 1726 Sext.
818 1675 879 1725 14
895 1714 910 1739 ,
929 1680 987 1725 in
1004 1678 1114 1732 Pis.
1133 1676 1194 1739 4,
1213 1695 1271 1741 p.
1299 1678 1465 1726 Domo
1481 1713 1496 1740 ,
1518 1676 1613 1740 28,
1635 1677 1802 1740 Sigon.
1823 1678 1884 1726 de
1900 1680 2026 1726 Ant.
2048 1676 2179 1726 Iure
2199 1678 2309 1728 Cio.
2332 1678 2484 1729 Rom.
2507 1678 2570 1741 2,
2598 1677 2695 1739 12,

653 1765 941 1816 Beaus.vol.
962 1768 1022 1829 Ξ,
1046 1784 1099 1831 p.
1121 1767 1236 1815 155.
1261 1793 1323 1805 -
1343 1768 1395 1831 5)
1421 1768 1497 1816 Cf.
1516 1768 1720 1816 wacht.
1739 1769 1989 1817 Arcboeol.
2010 1767 2172 1817 Num.
2199 1785 2251 1833 p.
2279 1769 2394 1818 111.
2419 1795 2484 1806 -
2501 1768 2554 1832 4)
2577 1768 2692 1821 Cic.

660 1856 702 1904 l.
724 1871 772 1903 c.
794 1882 855 1895 -
873 1855 924 1921 5)
949 1856 1023 1903 Cf.
1048 1856 1151 1903 Cio.
1170 1864 1291 1919 post
1307 1858 1411 1904 red.
1431 1859 1489 1904 in
1509 1873 1553 1905 ε.
1580 1857 1671 1920 15,
1693 1858 1760 1905 A.
1783 1857 1847 1920 Q.
1872 1856 1932 1919 4,
1958 1857 2050 1920 47,
2072 1859 2142 1905 ad
2163 1857 2228 1920 Q.
2246 1857 2322 1920 fr.
2346 1857 2407 1920 Ξ,
2443 1856 2475 1905 5
2494 1893 2509 1921 ,
2549 1858 2696 1907 Suet.

666 1945 791 1995 Coes.
817 1945 908 2008 42,
932 1949 1071 2009 Auq.
1098 1946 1189 2008 52,
1212 1946 1342 1994 Plin.
1369 1946 1481 2010 Ep.
1510 1947 1602 2010 10,
1625 1947 1689 1996 42
1708 1952 1759 2004 et
1780 1947 1844 1997 45
1862 1953 1913 1997 et
1929 1946 2012 1998 97.
2030 1947 2163 2011 -6)
2189 1947 2265 1996 Cf.
2290 1949 2459 1997 Creuz.
2495 1943 2706 2013 §.i-18.

665 2061 731 2075 -—
748 2034 801 2100 7)
828 2036 903 2084 Cf.
929 2036 1033 2084 Cic.
1052 2054 1114 2100 p.
1135 2036 1257 2101 Dej.
1282 2035 1373 2102 28,
1403 2037 1512 2087 Cat.
1535 2035 1599 2101 4,
1622 2035 1674 2088 7.
1698 2037 1774 2085 Cf.
1791 2037 1916 2107 Nep.
1936 2037 2104 2088 Eum.
2126 2035 2177 2090 1.
2201 2065 2264 2075 —
2286 2035 2338 2107 8)
2362 2036 2438 2085 Cf.
2461 2035 2565 2086 eie.
2583 2036 2707 2087 Cat.

665 2124 728 2190 4,
750 2124 812 2190 7,
830 2142 889 2191 p.
909 2126 1093 2175 Plane.
1113 2125 1166 2175 8.
2391 2113 2395 2118 ’

756 2265 907 2330 381.
958 2265 1133 2348 Artes
1160 2278 1548 2354 quaestusque
1595 2289 1720 2331 non
1768 2267 1977 2330 minus
2011 2253 2474 2352 multiplices'in
2501 2266 2712 2329 luxu-

667 2377 865 2443 riante
913 2380 1148 2464 Roma,
1179 2399 1369 2468 quam
1411 2382 1479 2445 in
1524 2380 1766 2468 magnis
1817 2380 2001 2447 hodie
2031 2380 2378 2447 civitatibus
2406 2430 2424 2465 ‚
2473 2378 2662 2445 fuisse
2692 2367 2722 2465 ,¹

668 2515 877 2578 neque
906 2494 1112 2556 minus
1142 2495 1208 2556 in
1257 2518 1365 2559 suo
1397 2517 1672 2582 quosque
1713 2517 1978 2581 genere,
2023 2496 2189 2560 velut
2236 2495 2302 2558 in
2348 2494 2501 2558 cibis
2553 2515 2716 2557 con-

677 2603 954 2691 diendis,
984 2607 1051 2668 in
1077 2606 1296 2671 vestitu
1322 2607 1750 2694 imprimisque
1778 2608 2116 2671 mulierum
2143 2607 2379 2672 mundo
2402 2658 2418 2691 ,
2448 2608 2513 2670 in
2537 2609 2717 2671 omni

682 2719 950 2805 denique
981 2720 1117 2782 vitae
1147 2720 1319 2783 cultu
1350 2732 1409 2783 et
1452 2705 1719 2804 deliciis,
1755 2723 2050 2806 perfectos
2081 2722 2304 2803 fuisse,
2338 2731 2397 2786 et
2435 2722 2722 2806 reliquiae

682 2857 720 2898 e
761 2845 1034 2897 veterum
1083 2834 1460 2920 supellectile
1509 2836 1908 2921 lautiorisque
1948 2836 2084 2898 vitae
2128 2834 2420 2920 adparatu
2466 2835 2726 2921 aliqua-'

681 2957 901 3036 tenus,
940 2960 1000 3011 et
1028 2949 1225 3035 magis
1252 2948 1472 3013 docent
1500 2948 1863 3034 scriptorum
1887 2998 1904 3031 ,
1935 2949 2000 3011 in
2033 2949 2229 3035 iisque
2271 2948 2364 3011 vel
2400 2946 2722 3032 antiquio-

680 3086 824 3128 rum
849 3112 866 3148 ,
910 3074 982 3127 ut
1024 3063 1268 3147 Plauti,
1316 3063 1678 3129 testimonia.
1713 3063 1806 3127 De
1855 3062 2112 3149 singulis
2163 3073 2372 3125 autem
2416 3062 2721 3147 explicare

682 3177 971 3241 immensi
995 3178 1193 3263 operis
1222 3188 1345 3260 est,
1368 3198 1483 3241 nec
1513 3176 1801 3265 propositi
1827 3175 2002 3239 nobis
2030 3175 2214 3238 officii
2236 3199 2253 3258 3
2278 3175 2516 3238 tametsi
2547 3161 2731 3238 idem

684 3292 780 3355 vel
812 3292 1094 3377 inprimis
1131 3291 1462 3378 antiquarii
1491 3313 1618 3354 esse
1643 3291 1787 3374 jure
1819 3286 2090 3376 quodam
2132 3289 2460 3353 existimari
2507 3289 2716 3374 possit.

688 3404 993 3470 Caeterum
1015 3455 1031 3490 ,
1053 3406 1119 3470 in
1149 3404 1268 3469 hoc
1299 3406 1427 3490 ipso
1446 3427 1671 3491 genere
1703 3404 1967 3490 plurima
1997 3414 2136 3467 sunt
2155 3454 2170 3487 ,
2191 3413 2262 3468 ut
2293 3424 2510 3494 parum
2537 3413 2679 3466 nota
2704 3451 2722 3486 ,

689 3520 776 3583 sic
803 3542 930 3583 non
970 3519 1108 3583 satis
1153 3518 1340 3604 digna
1365 3568 1382 3603 ,
1411 3518 1637 3605 quibus
1674 3517 2121 3605 perscrutandis
2161 3516 2406 3581 insudet
2448 3515 2726 3580 hominis

687 3655 815 3697 non
846 3631 1077 3697 inficeti
1107 3631 1467 3718 ingenium3
1501 3634 1619 3697 alia
1651 3642 1856 3696 autem
1880 3681 1897 3716 ,
1936 3631 2287 3718 cognitione
2317 3628 2677 3715 dignissima
2706 3679 2724 3714 ,

691 3743 1119 3809 difficillimam
1151 3742 1380 3809 habent
1413 3745 1896 3831 explicationem.
1943 3745 2018 3808 In
2068 3742 2162 3806 his
2202 3741 2542 3806 lanificium
2587 3741 2728 3831 (la-

695 3886 841 3928 nam
880 3863 1119 3945 facere,
1149 3873 1405 3927 tractare
1430 3911 1447 3945 ,
1487 3872 1600 3925 etc.
1625 3857 1688 3948 ),
1733 3859 1924 3923 nendi
1954 3870 2014 3923 et
2042 3856 2291 3922 texendi
2322 3867 2515 3920 artem
2545 3877 2728 3919 com-

691 3976 962 4066 plectens
980 4024 997 4059 ‚
1025 3974 1200 4039 nobis
1225 3975 1323 4039 vel
1349 3985 1591 4060 propter
1620 3974 2006 4060 frequentem
2032 3973 2098 4036 in
2126 3971 2315 4058 poetis
2337 3971 2724 4036 mentionem

693 4087 904 4181 paucis
933 4087 1401 4177 attingendum,
1450 4087 1613 4157 idem
1660 4089 1876 4155 Romae
1918 4109 2204 4176 quoque,
2246 4096 2393 4153 noto
2443 4097 2725 4151 veterum
