3111 4829
1546 382 1800 464 (300)

660 495 1140 601 persequemur,
1207 524 1423 600 praeter
1473 513 1729 578 deorum
1783 515 2144 581 divisionem
2166 566 2184 600 ,
2245 518 2321 583 de
2384 519 2648 606 singulis
2674 567 2693 600 ,

665 652 868 717 neque
912 629 989 693 de
1041 629 1364 711 omnibus,
1409 649 1480 693 ea
1522 628 1910 714 potissimum
1956 631 2375 717 attingentes,
2423 653 2564 717 quae
2612 630 2697 696 ad

665 744 1054 831 antiquitates
1121 743 1317 829 magis
1368 764 1557 829 quam
1617 742 1696 807 ad
1738 742 2180 830 mythologiam
2231 756 2340 810 aut
2396 744 2696 809 hisnu-iam

667 859 975 943 pertinere
1011 857 1350 921 videantur.

755 971 1052 1036 Primaria
1080 970 1336 1037 deorum
1370 968 1532 1054 apud
1557 970 1870 1036 Romanos
1898 969 2113 1035 divisio
2147 984 2234 1036 est
2259 973 2327 1036 in
2351 972 2616 1057 majores
2636 983 2701 1036 et

669 1087 942 1151 minores
966 1133 983 1167 ,
1012 1085 1122 1170 qui
1153 1083 1461 1168 majorum
1493 1093 1557 1146 et
1580 1082 1894 1147 minorum
1922 1085 2199 1169 gentium
2231 1082 2334 1171 1),
2359 1096 2430 1148 ut
2458 1085 2702 1170 patricii

669 1198 766 1286 (ς’.
805 1199 948 1262 130.
978 1193 1040 1283 )‚
1078 1193 1391 1262 dicuntur.
1427 1195 1684 1279 Majores
1713 1196 1966 1282 viginti,
2005 1196 2192 1262 iidem
2229 1201 2434 1263 selecti
2468 1199 2703 1285 adpel-

671 1310 778 1374 lati
810 1309 876 1398 2)
897 1335 914 1394 3
937 1311 1254 1392 minorum
1283 1358 1301 1392 ‚
1326 1309 1554 1395 quibus
1579 1309 1879 1373 virtutum
1917 1332 2164 1396 quoque
2193 1321 2254 1374 et
2281 1313 2699 1397 potentiarum

669 1425 934 1490 numina
979 1422 1411 1488 adscribuntur
1440 1420 1544 1510 3),
1569 1423 1790 1507 ingens
1817 1421 1990 1506 copia
2018 1433 2076 1486 et
2119 1424 2385 1507 plurima
2432 1447 2654 1510 genera
2683 1450 2701 1491 ε

675 1535 1009 1623 indigetes,
1090 1536 1342 1618 rustici,
1403 1534 1629 1620 plebeji
1656 1583 1672 1619 ‚
1737 1535 1999 1618 marini,
2070 1539 2401 1623 aquatiles,
2480 1541 2699 1625 inferi,

671 1650 996 1716 averrunci
1018 1699 1035 1732 ‚
1067 1658 1186 1714 etc.

765 1764 933 1826 Inter
980 1762 1241 1846 majores
1305 1761 1612 1846 principes
1667 1773 1810 1826 sunt
1859 1761 2187 1828 duodecim
2229 1762 2318 1827 dii
2371 1765 2705 1830 Consentes

677 1875 1057 1964 (con-entes
1100 1876 1197 1939 vel
1238 1872 1729 1940 consentientes?
1754 1872 1816 1962 ),
1847 1877 2023 1963 quasi
2062 1888 2387 1962 praesentes
2412 1877 2510 1940 ¹vel
2540 1875 2706 1940 deli-

675 1988 957 2055 berantes
999 1990 1067 2052 in
1102 1989 1265 2052 Jovis
1302 1989 1574 2074 supremi
1618 1990 1914 2074 consilio,
1965 1989 2134 2055 unde
2168 1992 2399 2057 Graecis
2448 1986 2704 2071 πάρεδροι

677 2101 1140 2180 dicti.‚Nomina
1164 2124 1379 2167 eorum
1407 2103 1805 2168 continentur
1838 2104 2109 2171 versibus
2137 2106 2359 2169 Ennii:

759 2215 818 2280 J
816 2239 941 2281 uno
956 2262 976 2291 ‚
1006 2215 1080 2283 V
1077 2229 1215 2281 estu
1231 2262 1252 2292 ‚
1276 2216 1614 2290 Minerva,
1653 2214 1872 2292 Ceres,
1895 2217 2157 2293 Diana,
2186 2217 2264 2286 V
2258 2242 2439 2302 enm,
2463 2218 2659 2284 Mare
2679 2266 2707 2296 ,

767 2329 1150 2396 Mercurius
1168 2377 1194 2406 ,
1222 2327 1401 2394 Jovi’
1426 2329 1491 2418 4)
1512 2376 1536 2405 ,
1570 2325 1918 2417 Neptunus
1934 2377 1960 2406 ,
1988 2329 2342 2399 Vulcanus
2357 2379 2377 2408 ‚
2400 2332 2662 2421 Apollo·

769 2447 1019 2532 Reliqui
1050 2468 1086 2511 e
1125 2445 1360 2509 selectis
1405 2456 1828 2509 memorantur
1860 2446 2192 2528 Saturnus,
2238 2447 2464 2530 Minus,
2505 2448 2712 2512 Tellus

679 2561 706 2648 (
731 2558 945 2646 Rhea)
974 2606 991 2641 ,
1016 2558 1214 2627 Orcus
1239 2556 1388 2646 (Dis
1405 2606 1424 2639 ,
1443 2555 1704 2644 Pluto),
1730 2558 1910 2625 Liber
1943 2556 2318 2647 (Bacchus),
2341 2561 2472 2645 Sol,
2504 2563 2712 2647 Luna,

683 2671 939 2738 Genius,

750 2783 801 2844 1)
824 2783 898 2831 Cs.
924 2783 1028 2833 Cic.
1052 2784 1246 2848 Quoest.
1277 2785 1438 2835 Tace.
1465 2784 1512 2849 1,
1536 2786 1616 2834 15.
1643 2813 1701 2822 —-
1726 2786 1787 2850 2)
1814 2785 1876 2833 V.
1896 2787 2023 2848 Aug.
2044 2787 2105 2834 de
2130 2785 2239 2834 Cio.
2259 2787 2382 2837 Dei.
2399 2786 2461 2850 7,
2479 2786 2530 2848 2,
2550 2786 2710 2850 233,
2737 2757 2745 2763 ·

682 2900 746 2912 —
763 2872 815 2934 5)
839 2873 943 2923 Cic.
963 2875 1024 2922 de
1041 2873 1195 2943 Loqq.
1216 2875 1276 2937 2,
1300 2874 1432 2924 8.-
1447 2872 1500 2934 4)
1528 2874 1726 2923 Nomin.
1747 2889 1892 2937 casu,
1919 2879 1975 2924 ut
2008 2872 2218 2924 inversu
2237 2875 2388 2941 Apul.
2404 2910 2420 2938 ,
2439 2875 2556 2923 Met.
2576 2872 2614 2922 1.
2638 2874 2673 2924 4
2693 2911 2712 2940 ,

678 2980 825 3028 quem
847 2967 1015 3012 tremit
1036 2966 1143 3026 ipse
1160 2964 1305 3012 Jovie
1322 3001 1338 3027 ,
1362 2969 1461 3012 etc.
1572 2956 1581 2965 ’

769 3057 920 3120 290.
947 3056 1186 3143 Jupiter
1208 3052 1289 3143 1),
1301 3055 1464 3119 Jovis
1486 3053 1651 3120 idem
1668 3077 1739 3119 ac
1756 3054 2058 3140 Diespiter
2079 3051 2146 3142 2)
2158 3054 2378 3136 dictus,
2390 3055 2710 3149 Romanis,

671 3182 741 3236 ut
769 3170 1029 3254 Graecis,
1075 3191 1354 3237 summus
1385 3168 1677 3251 deorum,
1718 3168 1932 3234 divum
1960 3181 2131 3254 pater
2161 3184 2347 3256 atque
2375 3170 2707 3235 hominum

676 3308 798 3350 rex.
832 3285 1101 3366 Quidam
1131 3285 1268 3368 ejus
1302 3286 1542 3348 cultum
1572 3286 1789 3348 Romae
1830 3307 1866 3347 a
1914 3285 2248 3371 Tarquinio
2277 3287 2344 3348 Ρ.
2376 3283 2711 3348 introduc-

677 3408 810 3460 tum
846 3398 1096 3479 volunt,
1139 3396 1352 3480 templi
1387 3396 1522 3481 ejus
1555 3395 1833 3481 primarii
1866 3395 1932 3458 in
1967 3406 2176 3459 monte
2210 3396 2548 3479 Capitolino
2596 3394 2624 3484 (
2643 3400 2707 3482 §.

680 3507 827 3597 42.)
860 3509 1171 3577 conditore
1193 3557 1211 3593 ,
1240 3533 1363 3598 quo
1391 3510 1553 3573 Jovis
1576 3558 1592 3591 ,
1626 3509 1888 3573 ,Iunonis
1913 3520 1973 3572 et
1999 3509 2286 3573 Minervae
2315 3508 2530 3571 sacella
2563 3529 2715 3571 con-

672 3625 898 3708 junxit.
927 3622 1081 3688 lude
1129 3624 1370 3708 Jupiter
1409 3623 1828 3708 Capitolinus,
1858 3599 2150 3707 idemque
2189 3620 2473 3703 Optimus
2501 3620 2711 3691 mm-

671 3760 832 3802 muS.
893 3738 1127 3804 Caetera
1178 3737 1551 3823 cognomina
1617 3758 1791 3821 paene
1855 3736 2224 3815 innumera,
2281 3732 2507 3816 partim
2558 3754 2710 3798 cum

677 3850 906 3914 Graecis
957 3851 1313 3916 communia
1335 3901 1355 3937 ‚
1408 3850 1574 3916 velut
1628 3851 1906 3914 Servatur
1942 3898 1959 3933 ,
2016 3845 2337 3931 Hospitalis
2356 3892 2374 3928 ,
2424 3847 2668 3911 Tonans
2691 3896 2710 3931 ,

671 3964 1049 4032 Fulminator
1070 4016 1088 4050 ,
1124 3968 1375 4032 Pluvius
1412 3977 1474 4031 et
1516 3965 1866 4029 Imbricitor
1890 4012 1907 4046 ,
1936 3965 2201 4026 Serenus
2224 4009 2243 4045 ‚
2287 3960 2407 4027 alia
2428 4010 2446 4045 ‚
2476 3962 2706 4047 partim

670 4078 966 4148 Romanae
1010 4079 1265 4165 originis
1292 4128 1309 4163 ,
1358 4081 1522 4146 velut
1566 4078 1793 4145 Elicius
1823 4077 1933 4163 3),
1981 4076 2220 4161 Stator,
2251 4079 2563 4143 Feretrius
2587 4073 2702 4162 4),
