3111 4829
1325 366 1575 450 (321)

443 499 609 592 quod
636 497 972 587 antiquitus
998 499 1171 563 Italia
1199 496 1488 562 excedere
1517 498 1576 562 ei
1604 520 1730 562 non
1757 499 1980 564 licebat
2016 498 2125 588 10)
2149 550 2166 585 ,
2198 511 2257 566 et
2287 502 2454 590 quod

445 626 604 681 tacto
628 614 789 705 (viso
821 624 1061 678 tantum
1081 609 1158 699 ’.7)
1188 610 1480 676 cadavere
1506 612 1910 677 contaminari
1939 614 2319 683 censebatur.
2346 618 2459 682 In-

449 731 645 819 signia
673 728 1042 804 Pontificum
1071 738 1353 815 praetexta
1380 738 1441 790 et
1462 727 1661 812 pileus
1696 738 1913 792 acutus
1946 726 2078 817 11).

518 918 569 979 1)
605 918 769 968 Dictos
790 919 962 967 volunt
978 922 1214 981 tanquam
1234 920 1465 981 pontem,
1492 914 1766 964 Sublicium
1792 912 1873 983 (§.
1904 914 1988 966 47.
2004 919 2023 974 )
2042 953 2059 981 ,
2082 917 2319 967 facientes
2334 948 2352 982 ‚
2386 920 2468 970 vel

454 1010 508 1059 iu
528 1026 587 1058 eo
611 1007 844 1058 facientes
862 1046 878 1071 ‚
911 1009 949 1057 i.
973 1024 1021 1058 e.
1053 1007 1403 1056 sacrificantes.
1437 1005 1512 1054 Cf.
1535 1006 1658 1071 Lyd.
1682 1006 1714 1054 Ξ
1731 1043 1747 1070 ,
1787 1005 1819 1054 4
1838 1042 1853 1069 ,
1878 1007 2078 1073 Dionys.
2119 1008 2158 1055 l.
2180 1009 2231 1057 2.
2254 1025 2308 1074 p.
2335 1009 2429 1058 132
2447 1047 2465 1074 ‚

454 1097 610 1147 Varro
631 1100 692 1147 da
710 1098 772 1146 L.
796 1097 860 1146 L.
884 1095 944 1160 4,
967 1107 1020 1162 p.
1043 1094 1127 1146 22.
1147 1125 1208 1134 —
1228 1095 1280 1161 2)
1307 1092 1381 1143 Cf.
1405 1095 1511 1145 Liv.
1540 1095 1605 1157 1,
1630 1092 1713 1143 ⁶20.
1731 1121 1795 1133 —
1819 1093 1871 1160 ὅ)
1898 1093 1974 1144 Cf.
2005 1094 2203 1146 Liv.1o
2221 1133 2237 1160 ,
2262 1097 2316 1147 6.
2334 1126 2395 1135 -
2413 1095 2469 1162 4)

457 1187 534 1237 Cf.
555 1185 662 1236 Liv.
684 1187 707 1236 1
732 1224 748 1252 ‚
770 1188 854 1236 2⁰.
872 1214 933 1224 -
956 1186 1009 1252 5)
1032 1185 1109 1235 Cf.
1129 1185 1237 1234 Liv.
1256 1185 1322 1250 9,
1345 1184 1429 1234 46.
1454 1212 1515 1221 —
1536 1183 1589 1248 6)
1614 1183 1690 1231 Cf.
1714 1184 1833 1232 Tac.
1858 1185 2003 1234 Ann-
2027 1184 2050 1234 1
2074 1221 2090 1248 ,
2124 1184 2207 1235 10.
2231 1213 2293 1224 -
2315 1182 2378 1252 7),
2392 1187 2472 1235 Cf.

458 1276 627 1326 Beaur.
651 1276 883 1326 Iacer-tie.
907 1292 958 1340 p.
996 1274 1042 1323 1.
1069 1267 1191 1323 (ιζ-1.
1216 1300 1277 1314 -
1306 1273 1357 1340 8)
1384 1274 1459 1322 Cf.
1499 1273 1605 1322 cio.
1629 1275 1691 1322 do
1720 1274 1874 1339 [0099.
1899 1276 1962 1339 2,
1990 1275 2072 1326 19.
2110 1294 2224 1342 sqq.
2245 1313 2262 1341 ‚
2300 1279 2475 1329 Beaul'.

458 1366 590 1431 Rep.
615 1366 684 1416 R.
705 1382 759 1431 p.
781 1367 865 1415 56.
888 1393 950 1403 —-·
974 1365 1025 1430 9)
1048 1366 1123 1415 Cf.
1145 1366 1279 1415 Suet.
1304 1365 1426 1414 Coes.
1449 1363 1531 1414 46.
1558 1390 1618 1402 —-
1644 1363 1726 1430 10)
1751 1364 1827 1414 Cf.
1866 1359 1973 1416 Liv'.
1998 1367 2063 1416 28
2082 1403 2100 1431 ‚
2124 1368 2189 1417 38
2224 1373 2277 1418 et
2296 1370 2391 1432 44,
2425 1374 2479 1419 ct

461 1472 541 1521 ep.
570 1457 608 1505 1.
630 1455 715 1505 59.
732 1455 890 1513 -11›
914 1453 1148 1519 Galen-us,
1164 1455 1295 1504 unde
1314 1452 1574 1520 galeritus3
1594 1470 1715 1520 apex
1727 1470 1745 1521 3
1770 1454 1994 1523 tutulus5
2018 1459 2260 1509 tutulatus
2276 1496 2294 1525 ,
2319 1456 2477 1510 Varro

464 1546 526 1594 do
548 1545 611 1595 L.
633 1544 696 1594 L.
720 1545 782 1610 6,
802 1560 856 1610 p,
873 1543 960 1594 75.
983 1543 1045 1593 V.
1066 1541 1111 1613 §.
1132 1542 1249 1594 454.

558 1740 709 1802 319.
755 1736 1020 1804 Romani
1043 1785 1059 1819 ‚
1082 1736 1330 1823 publice
1359 1733 1447 1814 nil
1477 1736 1688 1822 magni
1716 1739 2017 1802 momenti
2038 1743 2486 1806 non.consultis

471 1847 586 1914 diis
614 1861 930 1935 gerentes,
957 1850 1217 1915 aliarum
1265 1834 1548 1937 gentium
1578 1849 1767 1914 instar
1787 1896 1805 1932 ‚
1846 1872 2065 1915 eorum
2106 1852 2489 1919 voluntatem

473 1964 790 2052 signorum
836 1963 1224 2052 quorundam
1265 1963 1680 2028 observatione
1717 1964 2130 2049 explorabant.
2167 1967 2323 2048 Quae
2362 1969 2493 2032 ob·-

474 2080 726 2145 servatio
746 2127 763 2161 ‚
790 2077 891 2163 jus
920 2074 1311 2160 observandi,
1336 2077 1587 2164 ipsaque
1619 2077 1792 2163 signa
1819 2079 2071 2163 augurii
2102 2077 2167 2169 1)
2197 2092 2258 2145 et
2287 2082 2491 2168 auspi-

443 2203 448 2208 ‘
475 2194 557 2258 cii
612 2190 680 2281 2)
720 2186 1029 2255 vocabulis
1079 2189 1485 2275 adpellantur.
1538 2183 1755 2276 Neque
1805 2190 2014 2256 minus
2048 2192 2329 2278 privatim
2352 2214 2378 2280 '‚
2424 2208 2495 2261 ut

473 2305 639 2393 apud
668 2305 947 2388 Graecos,
978 2303 1252 2390 vulgaris*
1271 2302 1678 2389 auguriorum
1709 2304 2121 2393 ominumque
2143 2356 2161 2390 ,
2193 2309 2315 2373 sive
2344 2332 2495 2396 pro-

474 2420 822 2506 digiorum,
862 2428 1237 2482 ostentorum
1258 2465 1276 2500 ,
1325 2428 1773 2501 monstrorum,
1825 2419 2224 2510 dirarumque
2275 2446 2497 2510 super-

478 2535 637 2600 stitio
685 2531 789 2624 3);
843 2531 1009 2598 unde
1056 2530 1489 2598 discernuntur
1535 2533 1784 2619 publica
1834 2556 1868 2599 a
1932 2535 2197 2621 privatis.
2252 2540 2496 2605 Horum

478 2651 757 2716 infinitus
798 2661 860 2715 et
897 2670 1195 2714 numerus
1235 2658 1297 2712 et
1336 2646 1851 2732 interpretationis
1894 2648 2188 2714 varietas:
2245 2651 2419 2738 sigua
2462 2676 2499 2718 e

479 2764 1007 2853 quadrupedibus»,
1037 2762 1294 2852 plantis,
1323 2784 1515 2850 aqua,
1546 2762 1726 2848 igne,
1759 2772 1910 2844 etc.;
1944 2763 2195 2850 prurigo
2226 2765 2456 2850 pedum
2479 2815 2498 2851 ‚

480 2881 748 2966 crepitus
776 2854 1097 2962 dentium,
1129 2877 1358 2942 sonitus
1377 2869 1653 2940 'flammae
1671 2923 1689 2957 ,
1718 2897 1824 2960 pes
1849 2876 2112 2942 offensus
2137 2925 2155 2960 ‚
2196 2878 2360 2943 visus
2384 2881 2503 2944 lu·-

482 3015 598 3079 pus
622 3040 640 3075 ‚
670 2992 875 3056 vultur
896 3038 914 3074 ,
935 2990 1102 3054 bubo
1124 3037 1141 3073 ‚
1162 2997 1449 3071 ‚sexcenta
1470 2987 1592 3052 alia
1617 2985 1708 3074 4).
1736 2986 1949 3085 Rebus
1972 2988 2220 3073 publice
2243 2991 2505 3077 agendis

483 3104 754 3192 auspicia
782 3102 1065 3189 capiendi
1093 3101 1198 3186 jus
1228 3096 1576 3192 (auspicia)
1608 3121 1735 3164 non
1771 3098 2094 3185 Augures,
2127 3100 2267 3186 sed,
2298 3115 2370 3168 ut
2393 3127 2504 3192 par

489 3232 621 3286 erat
639 3269 657 3304 ,
686 3217 912 3301 iidem,
962 3215 1188 3303 quibus
1235 3213 1461 3302 agendi
1509 3224 1767 3301 potestas
1785 3262 1803 3297 ‚
1854 3212 2190 3299 habebant,
2241 3215 2507 3307 ideoque

488 3334 877 3421 magistratus
905 3327 995 3416 5).
1041 3330 1278 3394 Horum
1319 3328 1511 3413 igitur
1538 3326 1896 3393 auctoritate
1934 3328 2315 3414 auspicantes
2358 3332 2505 3398 Au-'-

481 3463 671 3536 ‘gur-es
691 3494 709 3531 ‚
735 3444 854 3532 ipsi
875 3454 1081 3508 tamen
1106 3439 1518 3526 auspiciorum
1536 3488 1554 3524 ,
1584 3441 1782 3505 fausta
1801 3439 2040 3526 riteque
2065 3452 2241 3527 capta
2262 3491 2282 3526 ,
2307 3465 2508 3538 necne

492 3563 643 3648 sint,
684 3559 928 3647 judices
954 3568 1139 3644 atque
1178 3555 1537 3642 interpretes
1586 3552 1683 3644 (§.
1728 3549 1924 3641 150.)
1947 3602 1967 3639 ,
2006 3555 2058 3618 si
2100 3554 2253 3642 quid
2296 3569 2511 3628 contra
2583 3644 2591 3652 .

492 3687 810 3763 peccatum
827 3724 845 3760 ,
868 3674 1059 3739 veluti
1083 3671 1232 3736 vitio
1255 3670 1474 3736 creatis
1500 3669 1957 3757 magistratibus
1972 3718 1992 3755 ,
2012 3670 2198 3736 etiam
2221 3721 2239 3758 ,
2265 3684 2335 3739 ut
2362 3697 2510 3741 sane

496 3790 745 3876 opinor,
775 3774 903 3855 non
933 3787 1290 3874 interrogati
1312 3836 1330 3872 ,
1352 3785 1432 3852 ad
1464 3776 2131 3853 senatum'referebant
2160 3784 2249 3875 6).
2282 3790 2515 3878 Augu-

499 3928 640 3973 rum
685 3906 1015 3992 collegium
1039 3954 1057 3989 ,
1102 3928 1140 3970 a
1186 3904 1386 3969 Numa
1409 3950 1427 3986 ,
1480 3912 1550 3967 ut
1600 3902 1837 3986 ferunt,
1887 3901 2242 3969 institutum
2266 3953 2284 3989 ,
2333 3905 2512 3972 initio

500 4021 694 4087 tribus
728 4069 747 4105 ‚
820 4018 963 4085 dein
1020 4041 1237 4086 novem
1261 4067 1280 4104 ‚
1327 4027 1640 4105 postremo
1697 4015 2054 4105 quindecim
2103 4019 2515 4088 sacerdotibus

2113 4130 2182 4191 41
