3111 4829
1333 407 1583 492 (159)

450 537 706 624 exinde,
734 540 804 603 ut
831 537 1076 603 videtur
1099 585 1119 622 ‚
1138 559 1474 604 numerum
1497 585 1515 623 ‚
1538 549 1704 603 certe
1721 538 1968 604 aBr‘uto
1990 537 2074 604 ad
2081 549 2380 607 trecentos
2407 548 2474 630 5)

442 654 791 740 expletum,
828 652 1068 740 primus
1106 654 1412 735 multum,
1455 651 1562 716 sed
1597 651 1903 718 incertum
1930 700 1948 736 ,
1975 652 2061 721 ,ad
2111 675 2297 740 quem
2342 678 2472 720 nu-

440 789 721 851 merum,
789 768 957 831 auxit
1014 767 1181 854 Sylla
1228 767 1538 849 Dictator,
1585 765 1754 831 idem
1817 767 2001 853 paulo
2048 778 2193 831 ante
2234 769 2469 834 conatis

442 882 643 947 Druso
663 927 682 964 ,
711 891 775 945 et
793 881 964 967 prius
992 882 1060 949 C.
1091 880 1391 947 Graccho.
1416 881 1553 945 Post
1573 882 1808 970 Syllam
1839 883 2002 947 ultra
2035 882 2472 971 quadringen-

441 1007 531 1060 tos
569 996 793 1080 fuisse,
852 1017 890 1061 e
922 997 1233 1062 Ciceronis
1271 993 1341 1085 6)
1384 996 1524 1062 loco
1549 997 1872 1080 colligunt.
1901 997 2037 1061 Mox
2081 1020 2116 1062 a
2154 997 2385 1064 Caesare
2408 1010 2472 1063 et

441 1110 804 1175 Triumviris
817 1110 1075 1199 indigna
1094 1111 1495 1177 multitudine
1512 1161 1529 1192 ‚
1549 1110 1721 1177 unde
1741 1112 2097 1177 orcinorum
2117 1135 2466 1199 cognomen

443 1222 469 1312 (
493 1226 533 1309 §
571 1221 767 1314 59.)‚
797 1224 1285 1290 contaminatum
1320 1222 1391 1314 7)
1449 1226 1766 1313 Augustus
1789 1273 1808 1308 ,
1883 1226 2161 1312 quamvis
2225 1226 2476 1294 ademta

442 1348 731 1422 potestate
757 1386 776 1421 ,
841 1349 1136 1405 caeterum
1182 1338 1264 1404 ad
1302 1361 1540 1405 morem
1594 1338 2088 1430 dignitatemque
2146 1342 2468 1428 pristinam

442 1453 802 1539 composuit.
2027 1464 2034 1469 ’

502 1628 560 1691 Ἰ)
583 1630 839 1694 Tanquam
857 1644 1032 1679 senum
1053 1630 1353 1697 concilium3
1374 1637 1433 1681 ut
1452 1630 1637 1681 Graecis
1656 1618 1928 1699 ytpovrt'ae.
1953 1635 2028 1685 Cf.
2054 1636 2185 1686 rest.
2202 1637 2254 1685 in
2270 1646 2468 1689 unam-

440 1737 538 1770 res.
559 1751 618 1759 -
639 1722 739 1784 ΞΗ
768 1758 785 1786 ,
811 1720 893 1773 17.
910 1721 986 1771 Cf.
1009 1722 1161 1787 Prop.
1183 1721 1247 1787 6,
1288 1723 1313 1774 1
1337 1759 1353 1787 ,
1376 1722 1457 1774 111.
1478 1752 1540 1761 -
1561 1724 1715 1787 5)(31.
1741 1725 1960 1775 Zamosc.
1984 1728 2045 1776 de
2067 1728 2189 1779 Son.
2224 1729 2374 1780 Rom.
2396 1731 2418 1781 1
2443 1766 2462 1795 ,

441 1810 539 1873 18,
569 1811 725 1862 The-st
746 1813 912 1862 Groev.
952 1827 1003 1861 v-
1028 1814 1076 1863 1.
1097 1829 1213 1879 pag.
1238 1814 1366 1864 1100
1385 1842 1447 1853 -
1468 1814 1520 1880 ⁴)
1549 1815 1626 1864 cf.
1647 1816 1734 1866 liv.
1755 1814 1780 1866 1
1806 1852 1823 1880 ,
1846 1816 1930 1866 55.
1953 1844 2017 1855 -
2041 1817 2226 1883 5)1.iv.
2246 1817 2381 1883 2,1.
2402 1846 2468 1859 —-

438 1898 492 1963 6)
511 1898 617 1948 Cic.
638 1899 715 1948 Ad
735 1901 843 1949 An.
865 1900 888 1950 1
897 1935 916 1965 ‚
930 1900 1012 1966 13,
1029 1902 1453 1952 Homimsadxv
1464 1903 1712 1968 Curioni,
1732 1903 1938 1953 nullum
1969 1908 2468 1983 sumamma-m

433 1986 652 2049 facienti
665 2025 680 2051 ‚
704 1998 1033 2039 mensor-mu
1045 2007 1069 2038 .·
1087 2006 1149 2040 0ae
1170 1991 1332 2041 altera
1345 1999 1498 2057 parto
1508 1991 1671 2055 [acilo
1690 1992 1841 2041 CCCC
1852 1991 2091 2056 suerunt.
2117 1994 2235 2060 -7)
2255 1995 2317 2044 V.
2329 1995 2468 2045 Suet.

439 2078 578 2143 Anq-
597 2078 681 2129 55.

538 2253 687 2314 174.
737 2249 1058 2313 Senatores
1091 2246 1340 2334 legendi
1363 2248 1469 2332 jus
1497 2296 1515 2332 ,
1543 2249 1721 2312 exiis
1748 2296 1767 2332 ,
1790 2269 1931 2335 quae
1968 2246 2154 2313 modo
2179 2247 2464 2332 diximus,

440 2355 692 2448 Regu'm
717 2410 735 2445 ‚
786 2361 1012 2427 deinde
1051 2373 1161 2427 aut
1208 2362 1549 2431 Consulum
1576 2411 1594 2446 ‚
1648 2371 1756 2428 aut
1786 2363 1997 2449 populi
2027 2362 2147 2427 fuit
2180 2360 2289 2452 1),
2335 2377 2468 2452 post

442 2477 812 2543 Censoribus
835 2526 853 2560 ‚
892 2478 1016 2542 sive
1045 2478 1124 2543 ab
1150 2477 1393 2563 origine
1422 2498 1699 2541 censurae
1727 2524 1746 2560 ,
1795 2488 1865 2541 ut
1894 2461 2205 2543 Zamoscio
2226 2482 2467 2567 placet,

440 2591 564 2654 sive
587 2639 604 2673 ,
637 2589 804 2676 quod
836 2589 998 2654 malo
1022 2635 1040 2671 ,
1064 2589 1259 2652 serius
1280 2587 1643 2653 mandatum
1667 2586 1757 2678 2).
1783 2590 1860 2654 In
1882 2591 2160 2677 legendis
2201 2606 2467 2680 spectata

437 2701 586 2767 ordo
617 2749 635 2783 ‚
673 2722 872 2787 genus
892 2748 910 2782 ‚
931 2721 1151 2764 census
1170 2748 1188 2782 ‚
1220 2698 1484 2765 honores
1507 2750 1524 2784 ,
1554 2711 1715 2766 aetas.
1751 2703 1843 2767 De
1861 2702 2076 2768 ordine
2101 2752 2119 2788 ,
2148 2727 2230 2771 ne
2262 2706 2471 2773 inanis

438 2814 688 2901 quaestio
716 2814 838 2896 sit,
874 2835 1001 2878 non
1046 2813 1470 2880 confundendi
1500 2826 1644 2879 sunt
1677 2817 1978 2883 senatorio
2020 2816 2221 2883 ordini
2263 2843 2501 2907 quan--

440 2930 641 3017 doque
668 2953 701 2995 e
731 2930 975 3017 plebejo
1004 2930 1230 3016 adjecti
1254 2954 1399 2997 cum
1429 2943 1668 3019 oequato
1694 2932 1987 3000 ordinum
2020 2937 2469 3024 consequendae

441 3044 576 3130 ejus
612 3045 929 3134 dignitatis
964 3045 1128 3131 jure.
1174 3042 1445 3127 Quidam
1472 3094 1489 3128 ‚
1519 3068 1577 3111 a.
1616 3048 1766 3112 335.
1799 3069 1944 3112 cum
1979 3060 2283 3134 quaestura
2312 3072 2468 3115 con-

440 3185 602 3228 cessa
628 3159 697 3250 3)
718 3171 998 3227 senatum
1029 3159 1195 3246 plebi
1232 3160 1496 3246 patuisse
1514 3161 1900 3245 existimant,
1944 3162 2048 3226 alii
2073 3163 2244 3248 prius
2289 3186 2467 3230 com-

441 3276 826 3340 municatum
851 3323 870 3358 ‚
909 3296 947 3338 e
995 3273 1161 3338 Livio
1191 3268 1258 3359 4)
1285 3321 1302 3355 ‚
1357 3294 1610 3353 vereor,
1650 3286 1721 3338 ut
1761 3284 1925 3339 recte
1949 3322 1967 3358 ,
2016 3274 2318 3361 colligunt
2367 3277 2464 3363 5).

441 3391 747 3456 Gaeterum
777 3411 888 3474 par
899 3387 1017 3451 fuit
1033 3435 1051 3471 ,
1071 3387 1231 3451 inter
1258 3386 1531 3473 plebejos
1554 3409 1626 3452 ex
1649 3388 1977 3475 Equitibus
1999 3368 2265 3454 maxime
2293 3392 2417 3476 legi
2442 3416 2461 3475 3

440 3503 608 3569 unde
628 3504 1057 3589 pervulgatum
1077 3484 1234 3564 illud
1253 3501 1742 3588 antiquariorum
1769 3549 1787 3583 ‚
1812 3512 2155 3588 equestrem
2179 3502 2463 3568 ordinem

442 3640 597 3683 essse
624 3617 1027 3682 seminarium
1076 3625 1319 3680 senatus
1357 3612 1447 3704 6).
1499 3615 1842 3680 Libertinos
1879 3616 1947 3679 in
1995 3615 2186 3681 libera
2222 3615 2464 3682 civitate

442 3731 731 3798 admissos
760 3754 886 3797 non
917 3754 1043 3796 esec
1067 3779 1085 3815 ,
1130 3730 1225 3795 vix
1245 3752 1400 3817 opus
1420 3740 1510 3794 est
1531 3751 1805 3794 monere.
1834 3715 2065 3795 Census
2102 3729 2465 3817 antiquitus,

441 3862 606 3915 certe
637 3861 779 3917 ante
805 3871 1131 3917 censuram
1154 3899 1171 3934 ‚
1201 3849 1502 3914 rationem
1533 3869 1663 3913 esso
1685 3846 1957 3912 habitam
1980 3893 1999 3929 ,
2035 3868 2160 3911 non
2186 3846 2464 3913 credide-

443 3965 561 4029 rim
584 3990 605 4052 3
628 3988 747 4032 nec
767 3965 944 4033 video
970 4016 989 4051 ‚
1028 3965 1078 4030 si
1096 3964 1302 4031 habita
1317 4014 1335 4050 ,
1378 3964 1489 4052 qui
1507 4012 1526 4050 ,
1559 3963 1654 4028 vel
1676 3961 1786 4027 diu
1807 3972 1939 4049 post
1960 3983 2238 4027 censurae
2258 3964 2464 4047 initia,

445 4093 748 4149 senatores
787 4082 1019 4148 fuerint
1043 4082 1307 4148 illustres
1325 4089 1683 4169 paupertate
1705 4076 1819 4143 viri
1838 4070 1909 4163 7)
1929 4100 1947 4162 3
1969 4087 2207 4143 certum
2233 4089 2435 4144 tamen
2448 4128 2465 4163 ,
