3111 4829
1344 349 1557 432 (53)

454 478 599 544 bant
640 478 741 566 1).
779 480 1095 549 Veriorem
1124 477 1558 545 derivationem
1594 489 1726 565 post
1765 480 1913 547 alios
1950 481 2206 548 Creuzer
2232 483 2291 567 §.
2327 482 2431 547 48.

456 593 750 658 existimat
776 616 811 658 a
848 594 1188 679 vindicare
1216 597 1291 658 in
1322 593 1684 657 libertatem
1709 589 1828 678 2),
1858 616 1932 659 ac
1966 605 2139 676 sunt,
2176 594 2282 680 qui
2305 642 2323 677 ‚
2365 606 2436 657 ut

454 706 915 791 Unterholzner,
946 730 1180 772 morem
1211 728 1450 793 quoque
1478 705 1758 770 vindictae
1785 705 1861 769 ad
1892 707 1959 770 in
1976 700 2125 791 'jure
2152 706 2432 771 cessionis

455 819 638 883 ritum
668 820 759 909 (§.
793 817 968 906 99.)‚
997 821 1061 884 in
1092 818 1496 883 vindicatione
1523 828 1979 899 occurrentem,
2011 819 2296 885 referant.

536 931 1062 997 manumissionem
1094 954 1202 1018 per
1258 952 1509 996 censum
1566 930 1831 1017 vindicta
1879 930 2283 1017 antiquiorem
2306 980 2326 1015 ,
2369 938 2435 998 et

447 1040 560 1104 sub
589 1044 777 1106 servio
824 1043 1022 1107 Tullio
1058 1043 1395 1109 institutam
1441 1043 1647 1106 ferunt
1689 1039 1788 1128 3).
1819 1042 2020 1107 Censu
2066 1041 2150 1131 (v.
2182 1044 2243 1128 §.
2293 1039 2430 1129 52.)

446 1152 761 1236 liberatur,
792 1155 900 1240 qui
922 1154 1098 1238 jussu
1128 1153 1361 1219 domini
1390 1155 1454 1218 in
1497 1175 1749 1217 censum
1783 1155 2004 1218 relatus
2036 1149 2143 1240 4).
2174 1153 2292 1229 Per
2316 1164 2430 1217 tes-

444 1275 782 1329 tamentum
827 1288 896 1330 ex
916 1267 1156 1352 legibus
1183 1268 1301 1332 XII
1330 1266 1519 1330 Tabb.
1572 1262 1650 1351 5)
1703 1266 2156 1330 manumittitur
2177 1314 2195 1349 ,
2239 1287 2427 1353 quem

442 1376 724 1442 dominus
766 1390 1119 1443 testamento
1159 1380 1421 1443 liberum
1452 1379 1823 1464 pronuntiat.
1868 1379 1968 1442 Sic
1997 1378 2276 1461 liberati,
2317 1388 2425 1443 ut-

439 1500 577 1574 pote
628 1502 951 1576 patronum
1003 1490 1166 1577 apud
1208 1493 1431 1556 inferos
1479 1490 1768 1556 habentes
1789 1540 1807 1573 ,
1852 1491 2046 1555 orcini
2097 1501 2156 1554 et
2196 1490 2424 1555 charo-

440 1602 584 1664 nitae
614 1599 716 1688 6),
764 1601 1045 1689 adpellati
1087 1614 1246 1669 suut.
1286 1606 1350 1670 Si
1378 1605 1576 1669 verbis
1608 1605 1922 1692 precativis
1957 1601 2246 1669 testatoris
2275 1624 2421 1667 nio-*-

442 1735 571 1777 rem
602 1715 760 1801 gerit
787 1714 980 1780 haeres
1002 1765 1019 1800 ,
1053 1717 1181 1801 ipse
1215 1718 1367 1781 servi
1398 1718 1635 1783 liberati
1665 1729 1954 1804 patronus
1981 1717 2070 1781 fit.

500 1848 553 1912 1)
586 1848 690 1897 Liv.
714 1850 774 1913 2,
811 1849 861 1898 4.
895 1849 947 1899 5.
985 1850 1059 1899 cf.
1082 1851 1253 1900 Claud.
1289 1852 1429 1901 Hon.
1470 1853 1619 1902 Com.
1643 1852 1704 1917 4,
1736 1853 1861 1915 615,
1899 1855 2165 1902 deductum
2204 1852 2421 1903 Vindice

437 1952 621 1986 morem
643 1939 719 1986 lex
734 1939 971 2004 celebrat,
995 1944 1093 1988 etc.
1112 1968 1170 1976 —
1190 1938 1243 2004 2)
1276 1939 1351 1988 Cf.
1373 1940 1479 1989 Liv.
1505 1940 1596 2003 41,
1627 1940 1676 1989 9.
1696 1970 1756 1978 -
1780 1943 1831 2004 3)
1865 1942 1927 1990 V.
1950 1941 2076 1990 nein
2107 1941 2252 2005 Sym.
2279 1941 2334 2004 1,
2354 1940 2417 2004 4,

434 2027 487 2075 5.
517 2054 577 2064 -
609 2026 664 2091 4)
705 2027 807 2075 oio.
848 2028 909 2075 aa
965 2027 1108 2077 orae.
1155 2028 1212 2092 1,
1251 2026 1316 2077 40
1335 2062 1353 2091 ,
1395 2028 1577 2091 Quid?
1625 2017 1698 2077 «ια’
1719 2029 1935 2078 ubertate
1953 2064 1971 2092 ,
2018 2045 2116 2093 quo
2158 2030 2418 2091 judicium

430 2119 639 2178 moin
668 2133 770 2165 esso
796 2118 998 2166 nullum
1028 2124 1187 2180 poem
1196 2151 1217 2181 ,
1250 2133 1419 2165 nonne
1441 2134 1500 2165 ox
1517 2118 1640 2179 jure
1669 2120 1982 2182 civilipotest
2010 2135 2111 2166 esse
2139 2121 2382 2167 contentio
2395 2153 2417 2182 ,

431 2219 593 2268 quum
609 2206 875 2268 quoen‘tur,
896 2206 960 2268 ἰε,
979 2206 1070 2267 qui
1085 2206 1280 2252 domini
1296 2205 1546 2253 voluntate
1561 2220 1738 2252 cemus
1753 2208 1824 2253 sit
1833 2239 1851 2269 ,
1868 2209 2195 2268 continuone,
2215 2222 2310 2268 an,
2329 2205 2423 2253 ubi

427 2292 647 2340 {nomm
666 2293 921 2340 conditum
936 2325 953 2354 ,
977 2290 1100 2339 libor
1118 2294 1225 2339 eit?
1242 2290 1318 2339 cf.
1340 2291 1443 2339 Cic.
1459 2307 1521 2355 p.
1546 2291 1672 2341 ἀπ’.
1694 2291 1759 2340 54
1773 2326 1793 2356 ,
1818 2292 1987 2341 Boeth.
2012 2293 2064 2341 in
2081 2293 2185 2342 Cic.
2214 2294 2346 2357 Top.
2364 2292 2415 2343 2.

430 2406 493 2416 —
511 2379 565 2444 5)
599 2377 660 2427 V.
679 2378 826 2427 Hein.
847 2377 993 2441 Sym.
1018 2379 1042 2428 1
1061 2414 1077 2443 ,
1096 2377 1155 2442 4,
1175 2377 1226 2430 6.
1246 2405 1304 2414 —
1325 2377 1378 2443 6)
1402 2378 1476 2427 Cf.
1492 2377 1759 2442 SuetAuq.
1783 2378 1875 2444 55,
1893 2380 2085 2430 Institi.
2108 2379 2166 2446 2,
2190 2381 2282 2447 24,
2301 2382 2413 2446 UlP.

422 2467 687 2531 qumm.
707 2467 767 2529 2,
795 2465 847 2515 8.

514 2555 623 2645 60.
672 2581 745 2644 In
767 2580 948 2664 justis
974 2582 1553 2647 manumissionibus
1581 2581 1993 2672 distinguunt,
2025 2608 2162 2673 quae
2190 2587 2412 2656 dicitur

424 2717 736 2763 sacrorum
767 2717 981 2778 causa,
1013 2697 1233 2779 soluto,
1267 2706 1334 2759 ut
1360 2697 1427 2760 in
1455 2697 1589 2760 aliis
1608 2744 1625 2779 ,
1659 2697 1954 2763 vicesimae
1982 2697 2229 2786 (aurum
2259 2702 2411 2768 vice-

424 2812 759 2876 simarium.
804 2813 863 2897 §.
899 2808 1093 2899 250.)
1144 2810 1372 2875 tributo
1414 2809 1520 2899 1),
1575 2835 1738 2900 servo
1766 2825 1971 2878 autem
2007 2818 2408 2902 manumisso,

420 2936 491 2989 ut
524 2926 591 2989 in
626 2924 860 2989 domini
899 2925 1147 3010 gentilia
1198 2947 1359 2990 sacra
1391 2926 1491 3015 (§.
1539 2924 1684 3014 79.)
1717 2939 2009 3013 transeat3
2058 2930 2176 2993 nisi
2221 2931 2409 2996 mavis

418 3037 535 3102 alia
576 3038 748 3124 sequi
790 3033 877 3124 2).
921 3035 998 3101 In
1041 3037 1233 3102 vicem
1284 3060 1420 3101 vero
1467 3033 1959 3104 manumissionis
2006 3064 2115 3127 per
2153 3064 2406 3107 censum

420 3148 752 3215 introducta
787 3148 900 3213 sub
933 3149 1324 3215 Constantino
1357 3146 1453 3237 3),
1488 3150 1554 3214 in
1575 3153 1961 3217 sacrosanctis
1989 3139 2272 3236 ecclesiis,
2309 3166 2406 3219 at-

415 3282 573 3347 que,
612 3274 680 3326 ut
709 3261 961 3350 quida'm
1002 3272 1256 3347 putant,
1301 3262 1532 3326 imitato
1575 3264 1894 3348 gentilium
1937 3286 2107 3329 more
2141 3262 2207 3353 4)
2251 3267 2405 3334 facta

412 3373 844 3456 manumissio,
884 3397 1035 3460 qua,
1080 3372 1416 3437 secundum
1443 3375 1839 3440 Heineccium
1858 3429 1876 3461 ,
1903 3373 2081 3463 Synt.
2120 3380 2188 3460 1,
2221 3383 2289 3459 4,
2327 3380 2400 3461 7,

411 3488 672 3552 recitatis
701 3489 877 3573 jussu
910 3486 1143 3550 domini
1174 3486 1393 3550 tabulis
1421 3510 1457 3554 a
1484 3490 1645 3553 clero
1685 3490 1963 3575 signatis,
2001 3512 2203 3554 servus
2242 3491 2402 3555 libe-

412 3601 657 3667 rabatur
685 3599 791 3690 '5).
834 3604 1116 3688 Denique
1142 3600 1359 3685 justis,
1396 3602 1446 3665 si
1481 3624 1606 3667 nou
1647 3605 1805 3686 ritu,
1845 3605 1905 3668 vi
1934 3616 2095 3669 certe
2118 3652 2135 3687 ,
2175 3603 2387 3669 adnu—

404 3712 748 3798 metandae,
796 3734 935 3801 quae
974 3712 1331 3798 Principum
1378 3712 1626 3777 arbitrio
1656 3709 1763 3799 6),
1807 3724 1866 3777 et
1896 3734 2033 3800 quae
2086 3714 2213 3800 ipso
2254 3715 2396 3799 jure

405 3824 603 3910 civi-55
639 3826 828 3890 invito
864 3825 1110 3891 domino
1134 3874 1152 3909 ,
1182 3823 1367 3890 fiebat
1390 3823 1487 3912 7.)

467 3960 515 4025 1)
537 3961 613 4011 Cf.
635 3963 750 4012 Arr.
774 3964 1007 4014 Discern.
1030 3962 1269 4027 Epic-len.
1287 3963 1319 4011 2
1331 3998 1347 4026 ‚
1375 3962 1396 4011 1
1416 3962 1529 4027 fio.
1547 3990 1607 4000 -
1626 3962 1677 4027 2)
1704 3963 1778 4012 Cf.
1797 3969 1921 4014 nott.
1941 3965 2114 4028 scalig.
2133 3970 2184 4014 et
2202 3964 2394 4014 Dacier.

403 4045 462 4095 ad
485 4046 614 4100 Festi
635 4051 927 4102 'dammim'
940 4049 1230 4100 dicebantur
1246 4054 1296 4100 et
1308 4043 1466 4114 piari,
1480 4050 1646 4116 probi.
1661 4079 1721 4093 -
1739 4051 1791 4118 ὅ)
1811 4052 1884 4104 Cs.
1906 4055 2024 4104 Cod.
2053 4054 2242 4104 Themi·
2267 4051 2315 4115 4,
2337 4053 2389 4103 ⁷·
