3111 4829
1330 410 1356 494 (
1396 408 1516 472 287
1557 409 1582 490 )

442 539 672 623 ι’φόδορ.
698 542 1028 631 clepsydra
1053 543 1265 609 multis
1283 553 1417 629 post
1435 543 1673 608 saeculis
1691 543 1760 607 in
1776 540 2029 628 judiciis
2050 539 2352 628 reperitur
2373 538 2467 630 2).

448 658 738 724 Absoluta
780 658 1160 742 peroratione
1179 706 1199 742 ‚
1231 656 1454 723 auditis
1496 656 1752 722 testibus
1774 706 1792 741 ‚
1822 655 2328 744 documentisque
2353 677 2470 720 re·-

445 770 705 858 eognitis
728 821 748 854 ,
787 770 980 854 judex
1024 771 1388 836 sententiam
1439 771 1917 858 pronuntiabat3
1957 769 2310 858 exequenda
2333 818 2351 853 ‚
2399 778 2473 833 ut

445 885 513 949 in
551 896 1051 970 recuperatorum
1081 896 1142 948 et
1166 885 1597 949 centumvirali
1620 883 1888 969 judicio,
1913 884 2194 948 Praetoris
2212 882 2473 968 imperio

446 1000 927 1087 relinquebatur.
971 1004 1276 1067 Damnate
1313 1000 1474 1066 intra
1516 1001 1891 1065 tricesimam
1923 999 2088 1064 diem
2125 998 2473 1083 judicatum

445 1113 805 1180 solvendum
828 1162 848 1198 ‚
891 1112 1033 1179 data
1070 1114 1138 1178 in
1179 1124 1564 1180 recusantem
1604 1136 1826 1179 manus
1865 1113 2241 1198 injectione;
2284 1133 2474 1199 quam

448 1227 602 1312 legis
647 1227 949 1291 actionem
967 1276 985 1312 ‚
1031 1227 1098 1290 in
1134 1225 1399 1311 judicati
1450 1249 1631 1291 causa
1671 1227 1792 1291 XII
1843 1226 2065 1290 tabulis
2115 1223 2434 1290 inductam
2459 1272 2477 1308 ,

449 1351 652 1425 postea
669 1339 746 1404 ad
768 1340 917 1406 alias
941 1340 1271 1408 nonnullas
1298 1352 1607 1405 extensam
1633 1338 1817 1422 Cajus
1844 1338 1938 1429 (v.
1963 1335 2023 1417 §.
2054 1339 2203 1404 271.
2229 1335 2323 1425 ⁶·)
2349 1336 2476 1401 do-

449 1463 548 1516 cet
575 1449 665 1540 3).
695 1454 1048 1520 Provocatio
1073 1477 1109 1519 a
1130 1453 1502 1519 Praetoribus
1523 1453 1623 1543 (§.
1657 1447 1851 1539 196.)
1881 1451 1949 1514 in
1975 1451 2170 1515 libera
2197 1450 2438 1514 civitate
2460 1496 2479 1532 ‚

451 1576 616 1630 certe
645 1567 712 1629 iu
743 1566 998 1650 judiciis
1044 1568 1345 1654 publicis,
1382 1567 1461 1632 ad
1503 1568 1804 1653 populum
1826 1589 1845 1651 3
1889 1565 2005 1629 sub
2037 1564 2372 1629 Caesaribus
2412 1564 2480 1626 in

452 1679 697 1765 privatis
726 1703 974 1768 quoque
1007 1681 1085 1746 ad
1113 1682 1481 1747 Praesectum
1509 1682 1798 1747 Praetorio
1822 1731 1841 1766 ,
1880 1681 2243 1746 Praefectum
2286 1677 2481 1758 Urbi,

452 1794 656 1879 ipsum
685 1795 1039 1882 Principem
1069 1792 1158 1883 4).

525 1983 576 2046 1)
612 1983 716 2032 Cic.
742 1986 805 2033 de
830 1985 975 2035 Orat.
996 1986 1060 2050 ὅ,
1093 1986 1186 2051 34,
1212 1987 1283 2036 Ae
1301 1989 1440 2048 {tunc
1465 1987 1772 2051 (Periclem)
1799 2001 1905 2034 non
1926 1985 2171 2033 clamator
2200 1984 2393 2048 aliquis
2418 1984 2489 2032 ad

454 2074 769 2138 clepeydram
792 2076 979 2126 latrare
1004 2078 1261 2126 docuerat.
1287 2078 1362 2125 Cf.
1388 2077 1517 2126 nial.
1541 2078 1604 2126 de
1646 2077 1790 2126 Orat.
1814 2074 1899 2124 38.
1939 2075 2071 2123 Plin.
2106 2074 2217 2136 Ep.
2238 2073 2300 2135 6,
2332 2071 2397 2133 2,
2422 2098 2484 2107 —

458 2165 682 2214 &valuit
697 2166 1010 2216 comendo
1029 2166 1177 2215 binas
1198 2168 1277 2215 vel
1296 2169 1534 2230 cinq-alas
1552 2167 1871 2231 clepeydne,
1895 2165 2154 2213 inbrium
2175 2169 2225 2211 oe
2244 2161 2489 2211 &minias

459 2259 509 2300 «e
529 2255 695 2302 ααηαι·
724 2235 774 2302 οἳ
800 2256 1029 2317 pomae.
1052 2255 1132 2303 cr.
1156 2255 1228 2303 id.
1254 2254 1320 2318 4,
1342 2255 1395 2303 9.
1421 2284 1483 2294 -
1503 2257 1558 2320 a)
1595 2252 2092 2319 cr.Lyd.2,1e.--
2114 2251 2170 2317 5)
2204 2251 2268 2300 v,
2291 2250 2490 2315 nupone

458 2340 517 2389 P.
540 2340 623 2390 27.
651 2341 768 2391 207.
792 2341 904 2390 224.
927 2369 990 2382 -
1011 2343 1063 2403 4)
1083 2343 1159 2391 Cf.
1183 2344 1318 2392 Suet.
1339 2345 1478 2408 Auq.
1497 2344 1582 2393 55.

554 2507 705 2574 275.
755 2509 848 2571 De
878 2506 1132 2591 judiciis
1158 2507 1423 2593 publicis
1452 2517 1663 2572 autem
1692 2530 1728 2572 e
1759 2508 1971 2572 multis
2014 2508 2335 2593 sequeutia
2383 2517 2491 2571 te·-

462 2640 739 2685 neamue.
782 2619 1023 2685 Judicia
1068 2622 1284 2707 populi
1326 2621 1405 2686 de
1448 2643 1621 2686 more
1674 2622 1922 2686 nonnisi
1970 2623 2494 2688 senatusconsulto

462 2744 569 2798 aut
599 2733 916 2818 rogatione
948 2733 1337 2820 magistratus
1381 2735 1651 2800 fiebant:
1693 2736 1918 2822 proevia
1948 2737 2040 2800 rei
2076 2737 2344 2824 cognitio
2390 2747 2499 2802 aut

462 2848 664 2913 eidem
693 2898 709 2932 ,
739 2858 849 2913 aut
891 2849 1059 2912 lectis
1100 2850 1536 2935 quaesitoribus
1565 2850 1995 2916 mandabatur.
2030 2852 2361 2917 Accusator
2389 2875 2499 2938 pro

465 2961 735 3045 Rostris,
766 2982 995 3047 quem,
1041 2982 1289 3048 quoque
1325 2961 1432 3025 die
1473 2975 1869 3026 accusaturus
1911 2976 2103 3047 esset,
2146 2964 2498 3047 declarans,

466 3076 652 3138 simul
694 3095 796 3139 reo
849 3073 1016 3138 diem
1058 3074 1341 3158 dicebat3
1373 3076 1523 3161 qui,
1558 3075 1675 3138 nisi
1717 3074 1972 3159 vadem,
2006 3076 2072 3138 in
2129 3077 2341 3140 multae
2382 3076 2501 3160 ju-

467 3189 629 3253 dicio
660 3188 928 3274 praedem
975 3187 1076 3273 1),
1106 3187 1405 3281 dedisset,
1453 3188 1727 3253 custodia
1764 3189 2012 3253 interim
2047 3190 2374 3253 tenebatur
2408 3187 2499 3277 2).

469 3303 643 3368 Dicta
667 3302 808 3385 die,
841 3322 949 3387 per
988 3321 1339 3386 praeeonem
1368 3301 1588 3365 citatus
1614 3324 1755 3366 reus
1781 3299 1849 3389 3)
1876 3351 1894 3385 ‚
1925 3302 1973 3364 si
1994 3351 2012 3384 ,
2045 3323 2161 3367 nec
2201 3302 2324 3367 ulla
2353 3301 2502 3367 ido-

467 3438 585 3482 nea
631 3436 816 3481 eausa
861 3425 1220 3498 excusatus,
1269 3435 1398 3478 non
1440 3427 1863 3501 compareret,
1912 3414 2193 3480 damnari
2222 3440 2332 3502 par
2375 3429 2505 3482 erat

470 3532 637 3617 leges
682 3543 744 3593 et
776 3529 985 3615 populi
1018 3538 1374 3613 potestatem
1403 3541 1835 3616 spernentem3
1879 3529 1983 3594 sed
2024 3529 2334 3595 damnatio
2379 3553 2505 3595 non

472 3665 604 3707 raro
634 3644 918 3729 varieque
948 3641 1400 3727 impediebatur
1426 3692 1442 3726 ,
1480 3645 1651 3708 velut
1686 3640 2109 3707 intercedente
2131 3644 2505 3709 accusationi

472 3756 746 3821 Tribuno
787 3757 990 3821 Plebis
1026 3751 1128 3843 4),
1174 3765 1282 3821 aut
1313 3757 1727 3842 auspiciorum
1758 3778 1943 3835 causa
1978 3756 2178 3821 dilatis
2206 3757 2505 3841 comitiis,

476 3878 585 3933 aut
619 3870 928 3955 spectione
956 3869 1037 3935 de
1069 3871 1218 3935 caelo
1257 3870 1616 3956 interruptis
1643 3867 1731 3958 5).
1770 3869 1835 3934 Si
1858 3881 2238 3956 compareret
2262 3919 2278 3954 ,
2304 3893 2506 3963 nequo

440 3982 677 4047 .ullum
731 3995 885 4049 esset
919 3985 1270 4072 legitimum
1312 3983 1875 4071 impedimentum,
1919 4005 2180 4069 praesens
2222 3996 2507 4073 stansque
2598 4070 2603 4075 .

480 4096 595 4162 sub
624 4098 858 4164 Rostris
887 4109 1010 4184 ter,
1053 4100 1156 4166 sed
1192 4122 1317 4165 non
1356 4098 1574 4166 eodem
1612 4121 1727 4165 nec
1766 4098 2077 4164 continuis
2109 4098 2326 4165 diebus
2349 4148 2367 4181 ,
2400 4122 2507 4166 ac-
