3111 4829
1468 386 1491 466 (
1536 381 1658 445 283
1698 384 1723 464 )

596 517 922 585 cusabatur
947 515 1058 606 6),
1087 516 1463 603 testibusque
1502 537 1577 580 ac
1618 513 2006 580 documentis
2035 514 2275 580 firmata
2317 516 2623 580 accusatio

598 630 911 720 (rogatio)
943 653 1068 696 una
1097 653 1243 695 cum
1281 651 1462 715 poena
1488 639 1596 693 aut
1640 629 1835 693 multa
1875 628 1956 692 ab
1997 638 2348 693 accusatore
2402 639 2626 695 statuta

596 745 623 834 (
639 767 867 831 poenae,
896 747 1107 809 multae
1135 740 1462 830 irrogatio)
1495 763 1604 827 per
1633 740 2021 805 trinundium
2050 741 2145 828 (§.
2184 739 2372 828 159.)
2398 762 2626 827 propo-

596 860 877 925 nebatur.
927 859 1143 923 Tertiis
1172 856 1470 922 nundinis
1509 855 1765 941 repetita
1807 853 2013 919 denuo
2044 855 2434 919 accusatione
2456 904 2475 939 ,
2520 878 2625 920 reo

595 971 905 1056 defensio,
938 972 1082 1036 dein
1109 970 1357 1035 indictis
1399 970 1663 1034 comitiis
1686 1018 1703 1053 ,
1735 970 1802 1032 in
1834 969 2029 1034 multa
2063 968 2308 1033 tributis
2334 990 2587 1056 quoque
2606 1017 2624 1053 ,

595 1087 663 1152 in
691 1087 951 1152 crimine
978 1085 1223 1171 capitali
1248 1084 1605 1149 centuriatis
1624 1133 1642 1167 ,
1673 1106 1768 1148 res
1790 1084 2002 1169 populi
2030 1082 2333 1170 suffragiis
2366 1084 2628 1169 permit-

594 1201 836 1266 tebatur
868 1195 961 1285 7).

661 1364 710 1418 1)
731 1359 806 1409 Cf.
842 1360 948 1408 Liv.
969 1358 1029 1422 5,
1057 1359 1149 1420 13,
1173 1360 1266 1422 25,
1292 1358 1356 1425 4,
1383 1359 1508 1410 Gell.
1544 1360 1725 1422 7,19.
1748 1388 1811 1398 -
1831 1361 1883 1424 2)
1919 1360 1983 1408 V.
2018 1362 2163 1409 Hein.
2184 1361 2250 1423 4,
2275 1360 2339 1425 8,
2378 1360 2547 1410 56.-
2567 1361 2624 1426 3)

595 1453 671 1502 Cf.
693 1453 798 1501 Liv.
822 1450 916 1515 58,
951 1452 1045 1514 51,
1068 1451 1204 1499 Suet.
1233 1451 1354 1501 Tib.
1383 1450 1465 1500 11.
1487 1479 1547 1488 -
1570 1452 1622 1511 4)
1643 1450 1733 1498 Cs.·
1755 1451 1862 1500 Liv.
1886 1450 1951 1500 58
1973 1488 1989 1513 ,
2013 1451 2112 1512 60,
2135 1452 2262 1500 Gell.
2288 1451 2462 1513 7,19.
2484 1478 2549 1491 -
2567 1450 2621 1514 5)

594 1543 670 1592 ef.
693 1543 801 1593 Liv.
835 1541 930 1607 40,
953 1540 1037 1592 42.
1064 1566 1130 1581 --
1147 1541 1200 1603 6)
1238 1540 1302 1588 V.
1322 1541 1426 1590 Cic.
1450 1557 1513 1605 p.
1537 1541 1707 1591 Domo
1748 1539 1829 1592 17.
1853 1569 1915 1579 -
1936 1541 1991 1607 7)
2016 1541 2094 1591 Cf.
2127 1539 2273 1592 Boin.
2294 1541 2357 1606 4,
2399 1541 2462 1591 18
2481 1579 2499 1609 ,
2538 1542 2625 1593 42.

592 1647 704 1697 “lq-

685 1785 835 1847 276.
887 1780 1143 1846 Judiciis
1185 1803 1326 1845 vero
1355 1780 1717 1866 ordinariis,
1748 1805 1994 1848 necesse
2036 1796 2205 1867 erat,
2252 1787 2442 1850 multa
2484 1806 2621 1849 esse

594 1917 740 1960 cum
765 1893 976 1980 populi
1000 1904 1274 1988 aut'cum
1299 1893 1545 1979 privatis
1565 1895 1916 1958 communia
1936 1918 1955 1978 3
1974 1906 2266 1960 caeterum
2288 1894 2422 1960 haec
2442 1906 2625 1960 nota-

593 2032 753 2073 mus.
782 2006 1059 2090 Quilibet
1112 2006 1260 2070 civis
1302 2018 1617 2071 accusator
1670 2013 1797 2072 esse
1842 1993 2121 2093 poterat,
2165 2009 2270 2074 sed
2315 2008 2626 2074 calumnia

591 2133 736 2187 nota
763 2121 950 2186 fronti
979 2120 1181 2185 inusta
1228 2119 1605 2204 puniebatur
1635 2116 1731 2206 l);
1774 2143 1898 2207 quo
1930 2123 2193 2185 refertur
2216 2124 2309 2187 lex
2336 2121 2625 2187 Remmia

592 2237 841 2301 incertae
894 2234 1084 2297 astatis
1133 2229 1226 2319 2).
1268 2233 1333 2296 Si
1382 2233 1590 2317 plures
1631 2244 1868 2316 essent,
1921 2235 2288 2319 primariuS,
2345 2257 2483 2323 quae
2526 2234 2628 2299 di-

589 2350 816 2417 vinatio
855 2347 1081 2412 dicitur
1115 2343 1214 2435 3),
1243 2347 1633 2432 quaerebatur
1645 2370 1662 2431 3
1692 2348 1895 2410 caeteri
1920 2347 2356 2443 subscriptores
2383 2347 2469 2438 4).
2518 2350 2630 2414 Ille

592 2465 785 2550 igitur
829 2461 992 2526 dicta
1039 2458 1140 2524 die
1191 2481 1398 2525 coram
1444 2461 1752 2544 Praetore,
1800 2460 2008 2545 jurata
2065 2463 2232 2547 prius
2277 2464 2630 2546 calumnia,

590 2576 827 2641 solenni
882 2573 1147 2639 formula
1207 2594 1387 2637 reum
1445 2585 1809 2659 praesentem
1849 2576 2174 2640 accusabat
2218 2573 2342 2663 5),
2386 2578 2497 2663 qui
2520 2626 2538 2660 ,
2583 2576 2635 2639 si

589 2690 826 2754 crimen
864 2697 972 2752 aut
1000 2685 1399 2751 manifestum
1449 2698 1641 2771 esset,
1671 2698 1780 2751 aut
1813 2688 1944 2773 ipse
1984 2689 2316 2770 fateretur,
2360 2688 2627 2755 damna-

591 2805 774 2869 batur
798 2825 814 2886 3
845 2801 940 2865 sin
966 2811 1267 2887 negaret,
1294 2811 1610 2866 accusator
1633 2849 1651 2885 ,
1684 2812 1757 2865 ut
1790 2823 2018 2865 nomen
2046 2801 2184 2885 ejus
2212 2802 2587 2887 reciperetur
2609 2851 2627 2887 ,

590 2940 712 3005 quo
738 2914 1067 2980 trahuntur
1100 2914 1353 3002 deferre
1383 2938 1617 2979 nomen
1639 2962 1665 2987 ,
1693 2914 1983 2991 delator,
2019 2914 2263 2980 delatio
2287 2919 2574 2982 nominis
2597 2965 2624 2994 ,

589 3027 941 3116 flagitabat,
981 3036 1388 3113 receptoque,
1428 3026 1478 3088 si
1519 3026 1722 3091 visum
1760 3028 2052 3111 Praetori,
2098 3029 2351 3094 nomine
2376 3077 2394 3113 ,
2425 3029 2629 3096 eidem

588 3142 873 3207 libellum
902 3139 1305 3204 accusationis
1345 3139 1440 3202 vel
1463 3162 1499 3203 a
1535 3151 1728 3205 semet
1749 3141 1844 3205 vel
1877 3141 1958 3206 ab
1997 3143 2117 3207 alio
2154 3143 2345 3228 ipsius
2371 3145 2630 3209 nomine

589 3256 1003 3340 subscriptum
1045 3251 1361 3334 tradebat,
1391 3252 1580 3317 simul
1625 3252 1702 3317 de
1727 3255 1924 3319 multa
1952 3278 2173 3321 cavens
2193 3305 2212 3339 ,
2245 3258 2294 3320 si
2333 3268 2443 3325 aut
2469 3258 2630 3322 mit-

589 3380 742 3434 teret
786 3390 964 3432 reum
1008 3378 1270 3431 autnon
1311 3378 1619 3453 argueret.
1666 3368 1828 3432 Tum
1870 3368 2037 3434 diem
2070 3373 2336 3454 Praetor,
2366 3394 2487 3457 qua
2526 3393 2630 3436 re·

590 3483 831 3563 dirent,
873 3480 1187 3544 decimum
1232 3481 1393 3565 fere,
1442 3479 1547 3544 sed
1592 3479 1909 3546 interdum
1948 3483 2194 3570 longius
2235 3485 2627 3553 intervallum

589 3594 927 3677 statuebat3
972 3603 1197 3658 statuta
1240 3604 1502 3680 uterque
1543 3615 1654 3678 per
1698 3615 2046 3679 praeconem
2091 3595 2459 3661 citabantur.
2498 3598 2630 3664 Ac-

589 3721 863 3777 cusatore
901 3730 1028 3773 non
1057 3719 1452 3795 comparente
1476 3756 1494 3792 ,
1542 3731 1687 3772 reus
1730 3709 2190 3792 absolvebatur,
2235 3708 2366 3793 ipse
2408 3711 2629 3777 absens

588 3848 698 3912 pro
738 3825 1013 3889 convicto
1055 3822 1417 3890 habebatur.
1453 3825 1729 3910 Utroque
1774 3834 2071 3909 praesente
2097 3871 2113 3906 ,
2142 3822 2386 3907 judices
2432 3840 2623 3912 sorte,

591 3938 695 4003 sed
721 3958 1002 4001 concessa
1046 3937 1378 4022 rejectione
1409 3937 1504 4026 (§.
1553 3935 1746 4024 270.)
1773 3987 1791 4021 ,
1834 3951 1895 4003 et
1939 3938 2311 4025 quandoque
2355 3942 2436 4006 ab
2477 3944 2623 4029 ipsis

590 4050 943 4118 adversariis
973 4051 1358 4137 legebantur.
1384 4053 1583 4137 Lecti,
1623 4064 1936 4140 postquam
1966 4051 2279 4137 jurassent
2301 4078 2364 4123 se
2391 4080 2463 4123 ex
2485 4057 2622 4143 lege
