3111 4829
1583 425 1607 506 (
1648 422 1729 484 28
1771 422 1795 501 )

760 558 865 620 33.
915 556 992 620 In
1039 557 1434 625 conterminis
1477 557 1921 641 Mesopotamiae
1965 555 2318 645 regionibus
2341 560 2380 620 ‘a
2413 554 2690 642 Septen-
2733 590 2736 595 ·

668 668 868 735 trione
899 667 1238 755 Armeniae,
1281 693 1318 735 a
1358 667 1610 733 Meridie
1641 669 1863 733 Arabia
1885 718 1902 752 ,
1942 670 2021 734 ab
2058 669 2313 739 Oriente
2351 652 2688 755 imperium
2787 690 2788 695 ¹

672 778 1059 870 Parthorum.
1096 785 1182 849 Ex
1224 784 1537 847 Armeniis
1565 784 1870 851 minorem
1895 782 2292 870 Cappadociae
2315 794 2550 870 partem
2582 783 2606 871 (
2623 782 2687 866 §.

668 892 865 983 28.),
909 896 1207 980 majorem
1258 895 1444 959 armis
1492 894 1857 960 Parthorum
1909 905 1970 960 et
2009 896 2432 966 Romanorum
2477 896 2695 960 inter-

667 1007 897 1093 jectam
922 1008 1186 1073 diximus
1219 1009 1311 1096 (§.
1348 1006 1497 1089 26.)
1532 1008 1737 1095 Hujus
1763 1008 2024 1073 flumina
2049 1007 2390 1094 Euphrates
2410 1057 2427 1090 ,
2457 1008 2692 1094 Tigris,
2819 1084 2825 1088 ᾗ

670 1122 899 1201 Ατωςος
917 1171 936 1206 ,
963 1121 1172 1189 Phasis
1190 1171 1208 1208 ,
1240 1122 1431 1211 Cyrus
1447 1173 1465 1209 ,
1491 1121 1689 1214 (Kar)
1708 1170 1733 1199 ,
1761 1122 2050 1188 Teleboas
2070 1170 2087 1205 ,
2111 1133 2351 1186 montes
2370 1122 2606 1186 Taurus
2628 1133 2693 1186 et

666 1233 997 1320 Niphates3
1042 1235 1203 1302 inter
1236 1238 1525 1325 ,regiones
1578 1234 1862 1323 Sophene
1891 1284 1910 1319 ,
1960 1234 2260 1300 Phasiane
2284 1283 2301 1316 ,
2352 1234 2690 1318 Caranitis3

668 1346 855 1411 urbes
892 1346 1206 1434 Artaxata,
1248 1351 1676 1437 Tigranocerta
1701 1397 1720 1432 ,
1760 1347 1982 1413 Amida
2003 1396 2022 1432 ,
2063 1348 2462 1413 Arsamosata.
2480 1340 2694 1431 'Supra

660 1459 1032 1528 'Armeniam
1064 1462 1305 1528 Colchis
1336 1461 1648 1549 (Lazica)‚
1688 1462 1892 1528 Iberia
1930 1472 1991 1526 et
2027 1461 2285 1534 Albania
2306 1509 2324 1546 ,
2352 1484 2388 1526 a
2426 1460 2697 1546 Septen-

667 1575 869 1641 trione
909 1577 1275 1643 Sarmatiam
1320 1576 1646 1643 Asiaticam
1690 1577 2078 1664 attingentes.
2126 1575 2366 1643 Colchis
2394 1575 2472 1641 ad
2495 1576 2698 1640 Euxi-

667 1709 862 1774 num,
889 1713 928 1756 a
951 1689 1129 1755 Phasi
1183 1691 1261 1756 ad
1298 1688 1630 1776 Coracem3
1690 1691 1825 1775 ejus
1859 1691 2073 1776 populi
2114 1690 2253 1754 Lazi
2275 1738 2294 1773 ,
2337 1687 2640 1754 Heniochi
2667 1736 2692 1775 ,

669 1803 904 1887 Sanni,
945 1804 1128 1875 urbes
1154 1806 1265 1868 AEa
1287 1852 1305 1887 ,
1333 1803 1542 1869 Phasis
1561 1853 1579 1888 ,
1616 1804 1963 1869 Dioscurias
1986 1853 2004 1886 ,
2051 1802 2322 1868 Dandari
2366 1801 2697 1891 (Sebasto-

668 1914 908 2003 polis),
941 1918 1171 2004 Pityus.
1224 1918 1425 1982 Iberia
1468 1916 1743 1983 Colchidi
1778 1917 1856 1982 ad
1900 1916 2256 2001 Orientem,
2294 1916 2559 1981 Caucaso
2584 1915 2696 1979 in-

671 2031 842 2096 clusa
865 2056 884 2117 3
912 2031 1173 2097 flumina
1198 2031 1395 2120 Cyrus
1411 2082 1428 2116 ,
1450 2033 1688 2119 Aragus
1712 2081 1729 2116 ,
1756 2031 1972 2097 Iberus
1999 2030 2225 2115 ,urbes
2248 2030 2501 2113 Zalissa,
2526 2028 2698 2095 Har-

669 2145 922 2210 mozica.
964 2145 1243 2211 Albaniae
1267 2195 1284 2230 ,
1315 2147 1476 2210 inter
1502 2127 1771 2214 Iberiam
1799 2156 1860 2210 et
1882 2144 2169 2232 Caspium
2194 2166 2397 2228 mare,
2427 2142 2695 2210 flumina

671 2257 930 2343 Araxes,
961 2258 1169 2327 Casius
1190 2308 1207 2343 ,
1253 2260 1487 2349 Cyrus,
1517 2271 1756 2331 montes
1779 2257 2064 2324 Ceraunii
2087 2306 2105 2338 ,
2145 2256 2329 2321 urbes
2361 2254 2696 2341 Cabalaca,

672 2373 910 2442 Albana
934 2422 951 2457 ,
981 2374 1326 2442 Camechia.
1360 2376 1655 2442 Sarmatia
1676 2375 1936 2442 Asiatica
1957 2424 1974 2457 ,
2012 2397 2045 2439 a
2076 2371 2298 2460 palude
2319 2370 2600 2437 Maeotide
2628 2383 2696 2439 et

678 2484 910 2568 Tanai,
958 2489 1068 2573 qui
1118 2489 1198 2552 ab
1240 2491 1481 2574 Europa
1531 2488 1788 2572 dividit,
1837 2485 1922 2558 ad
1960 2488 2167 2553 Rham
2205 2486 2350 2566 (W
2342 2489 2533 2577 οἶμα)
2553 2511 2581 2566 ,-
2621 2487 2692 2552 in
2723 2467 2730 2474 .

644 2675 645 2680 γ
677 2601 913 2664 coeteris
948 2600 1313 2674 fluminibus
1352 2603 1659 2690 Hypanis,
1693 2603 1853 2666 inter
1889 2602 2144 2686 populos
2170 2601 2385 2681 Alani,
2426 2601 2658 2665 Maeotae
2678 2649 2701 2687 ,

673 2712 1033 2778 hamaxobii
1059 2738 1076 2796 ;
1114 2716 1298 2780 urbes
1326 2715 1691 2781 Achillaeum
1716 2764 1734 2799 ,
1771 2715 1850 2780 ad
1878 2715 2110 2779 Tanain
2135 2712 2496 2778 Rhombites
2518 2760 2535 2795 ,
2572 2712 2702 2778 Ta·-

670 2826 838 2911 nais,
867 2827 1134 2893 Navaris.
1166 2828 1398 2895 Eadem
1425 2829 1737 2916 Bosphoro
1760 2828 2090 2894 Cimmerio
2114 2826 2426 2901 dirimitur
2445 2848 2482 2891 a
2505 2824 2705 2892 Cher·-

675 2961 888 3008 soneso
914 2941 1208 3028 Taurica,
1231 2965 1419 3032 quam
1439 2945 1499 3030 §.
1533 2947 1640 3008 25.
1668 2942 2001 3029 attigimus

761 3054 986 3119 Arabia
1014 3067 1184 3141 parte
1206 3057 1379 3144 exiga
1402 3057 1704 3121 Romanis
1733 3056 2028 3142 subjecta.
2061 3056 2212 3142 Ejus
2237 3067 2438 3142 partes
2465 3055 2700 3124 Arabia

674 3167 910 3234 deserta
931 3218 948 3253 ,
984 3170 1163 3255 cujus
1199 3172 1418 3239 incoloe
1448 3169 1745 3236 nomades
1774 3173 1898 3236 sive
1929 3171 2160 3237 Arabes
2205 3171 2500 3256 Scenitae,
2537 3171 2708 3241 inter

674 3283 858 3347 urbes
895 3283 1235 3351 Bar-athena
1259 3335 1277 3372 ,
1312 3285 1502 3369 Sabe,
1541 3284 1840 3352 Themma
1864 3333 1886 3362 ,
1926 3285 2176 3373 Dapha,
2220 3285 2523 3351 Thumata
2547 3333 2565 3367 ,
2614 3285 2698 3350 ad

665 3397 875 3464 sinum
924 3397 1239 3464 Persicum
1288 3399 1566 3466 Ammaea
1590 3449 1607 3483 ,
1664 3400 1856 3466 Gerra
1884 3425 1902 3485 3
1952 3401 2178 3467 Arabia
2207 3412 2466 3488 petraea,
2508 3396 2696 3482 cujus

670 3525 906 3578 montes
933 3515 1199 3579 Melanes
1224 3525 1286 3578 et
1306 3514 1452 3580 Sina
1470 3564 1487 3598 ,
1520 3515 1801 3602 regiones
1833 3515 2161 3582 Nabathaea
2184 3563 2201 3596 ,
2224 3524 2313 3596 et,
2336 3533 2523 3599 quam
2550 3508 2689 3575 Pa-

667 3626 919 3693 loestinae
958 3625 1348 3714 addidimus,
1404 3626 1678 3695 Idumaea
1728 3631 1817 3716 (§
1849 3632 1954 3693 32.
1991 3632 2015 3715 )
2046 3676 2063 3712 ‚
2119 3625 2301 3692 urbes
2342 3623 2421 3689 ad
2482 3623 2696 3693 sinum

627 3739 978 3824 JElaniten
1012 3742 1234 3807 AElana
1254 3789 1281 3818 ,
1327 3741 1708 3829 Asiongaber
1738 3740 1761 3820 (
1787 3741 2169 3830 Berenice),
2214 3749 2274 3803 et
2320 3736 2697 3814 Phoenicum

665 3852 959 3937 oppidum
987 3901 1004 3937 ,
1056 3855 1134 3920 ad
1174 3856 1610 3943 Heroopoliten
1656 3855 1890 3924 Medeia
1920 3903 1937 3938 ,
1989 3855 2055 3918 in
2112 3854 2346 3932 cffiteris
2394 3850 2639 3918 Pharan
2673 3904 2694 3942 ,

664 3964 903 4030 Madian
930 4015 947 4049 ,
975 3966 1149 4031 Petra
1171 3992 1189 4051 3
1218 3965 1451 4034 Arabia·
1472 3970 1641 4066 Felix·
1665 4018 1682 4053 ,
1710 3969 1873 4033 infra
1897 3966 2191 4033 Petraeam
2216 4017 2233 4052 ,
2260 3966 2339 4034 ad
2364 3969 2529 4033 Mare
2554 3968 2694 4033 Ru..

663 4080 847 4148 hrum
868 4078 1081 4161 (sinus
1106 4077 1479 4166 Arabicus),
1510 4083 1694 4167 cujus
1726 4104 1901 4149 mons
1927 4081 2301 4167 Cassanites3
2343 4082 2410 4150 in
2441 4083 2688 4169 populis
