3111 4829
2453 327 2470 369 x

1604 382 1749 482 (18
1789 398 1813 481 )
2652 480 2658 487 .

708 541 901 596 tantes
934 527 1007 618 1)
1031 550 1200 617 ,quo
1217 526 1617 595 Scandinavia
1636 539 1699 593 et
1715 529 1981 616 Eningia
2007 528 2468 622 (Finnland),
2510 556 2545 599 e
2586 555 2712 622 po-

703 643 864 728 pulis
893 643 1130 706 Sitones
1148 689 1167 725 ,
1197 642 1457 707 Suiones
1478 689 1497 726 ,
1523 640 1719 705 Fenni
1745 642 2120 710 referuntur.

796 756 899 820 19.
947 754 1257 841 Regiones
1294 754 1456 819 circa
1506 754 1778 839 AEgeum
1819 765 1882 819 et
1927 754 2182 843 nigrum
2236 778 2408 823 mare
2454 762 2714 846 (pontus

696 867 1012 957 Euxinus)
1056 869 1319 955 Imperio
1365 869 1649 933 Romano
1703 868 2097 934 continentur
2153 869 2386 937 Achaia
2410 918 2429 955 ,
2492 873 2713 940 insulae

694 984 925 1049 Graecae
944 1031 962 1067 ,
1008 981 1360 1049 Macedonia
1384 1030 1404 1066 ,
1446 981 1704 1049 Thracia
1728 1031 1746 1068 ,
1795 974 2002 1050 Moesia
2047 996 2111 1050 et
2150 985 2358 1052 Dacia.
2409 986 2712 1054 Achaiam

689 1096 1064 1183 provinciam
1115 1095 1387 1161 Romani
1445 1093 1778 1179 dixerunt,
1839 1119 1979 1184 quas
2043 1098 2287 1169 Groecia
2314 1146 2332 1182 ,
2389 1100 2709 1166 latioribus
2819 1187 2828 1195 κ

687 1210 953 1294 finibus,
996 1212 1235 1276 exclusa
1274 1221 1482 1276 tamen
1526 1207 1881 1276 Macedonia
1899 1257 1917 1292 ,
1960 1221 2209 1275 vocatur
2231 1259 2249 1294 ,
2294 1211 2457 1276 inter
2501 1213 2709 1278 Mace-

684 1321 933 1389 doniam
956 1370 976 1406 ,
1017 1323 1335 1412 Illyricum
1381 1334 1443 1389 et
1484 1324 1754 1409 AEgeum
1784 1323 2160 1410 Ioniumque
2200 1325 2398 1390 maria
2448 1336 2663 1411 patens
2685 1374 2705 1410 ,

678 1436 997 1524 tribusque
1017 1437 1289 1523 partibus
1315 1436 1620 1523 primariis
1635 1447 1914 1501 constans
1936 1484 1955 1519 ,
1973 1437 2387 1523 Peloponneso
2405 1484 2424 1521 ‚
2445 1438 2685 1504 Graecia

679 1550 880 1616 media
903 1599 923 1635 ,
969 1562 1031 1616 et
1073 1551 1311 1617 Graecia
1354 1550 1876 1636 septentrionali.

722 1664 799 1728 In
808 1650 1221 1751 Peloponneso
1232 1663 1667 1749 distinguimus
1680 1661 1998 1745 Achaiam,
2020 1660 2332 1746 Argolide,
2343 1662 2697 1749 Lucaniam,

670 1779 1054 1863 Messeniam,
1078 1776 1252 1844 Elida
1269 1799 1314 1841 s.
1348 1778 1560 1841 Eleam
1580 1824 1599 1859 ,
1614 1775 1751 1840 etin
1774 1770 1977 1841 media
2003 1766 2328 1861 peninsula
2344 1776 2694 1843 Arcadiam.

761 1889 1011 1956 Achaiae
1036 1939 1054 1973 ,
1081 1890 1151 1952 in
1185 1889 1424 1954 Boreali
1449 1888 1856 1975 Peloponnesi
1891 1889 2079 1954 latere
2103 1934 2122 1971 ,
2166 1889 2450 1975 princeps
2475 1889 2701 1957 fluvius

666 2004 892 2088 Melas,
927 2004 996 2069 in
1026 2000 1262 2067 caeteris
1284 2001 1528 2066 Selinus
1549 2025 1569 2084 3
1598 1982 2049 2087 partesAchaia
2074 1998 2101 2088 (
2112 2000 2285 2067 Ionia
2306 2049 2324 2086 ,
2346 2002 2619 2090 AEgialos
2633 2006 2657 2090 )
2672 2052 2692 2089 ,

662 2116 837 2185 unde
879 2114 1108 2183 nomen
1130 2164 1149 2201 ,
1189 2116 1259 2183 in
1303 2137 1427 2202 qua
1471 2116 1659 2180 urbes
1702 2112 2071 2198 duodecim,
2105 2115 2173 2179 in
2210 2115 2409 2203 iisque
2447 2117 2646 2204 Dyme
2668 2166 2688 2202 ,

594 2302 603 2309 ,
661 2233 859 2297 Patrae
884 2280 906 2314 ,
933 2232 1160 2318 AEgion
1184 2278 1203 2315 ,
1244 2231 1457 2317 AEgira
1478 2277 1497 2314 ,
1523 2230 1769 2295 Pellene
1792 2253 1810 2313 3
1837 2228 2120 2317 Sicyonia
2142 2278 2161 2313 ,
2204 2230 2270 2296 in
2312 2253 2434 2318 qua
2463 2231 2690 2318 Sicyon

660 2357 723 2409 et
744 2344 998 2430 Phlius5
1039 2343 1495 2413 Corinthiorum
1538 2344 1710 2431 regio
1735 2392 1752 2429 ,
1777 2344 1960 2430 cujus
1994 2343 2321 2409 Corinthus
2353 2343 2686 2435 (Ephyre)

658 2460 727 2522 in
750 2457 1004 2540 Isthmo,
1025 2458 1187 2522 inter
1207 2458 1377 2522 sinus
1400 2456 1870 2529 Corinthiacum,
1884 2469 1945 2522 et
1964 2459 2358 2541 Saronicum,
2373 2481 2520 2523 cum
2542 2481 2688 2524 arce

657 2569 1097 2635 Acrocorintho
1116 2617 1133 2652 ,
1156 2570 1325 2633 fonte
1351 2569 1610 2650 Pirene,
1641 2569 1937 2654 portubus
1957 2569 2211 2635 Lechaeo
2236 2582 2291 2634 e!
2329 2569 2684 2640 Cenchreis.

650 2679 965 2767 'Argolidis
990 2730 1010 2764 ,
1038 2682 1201 2745 inter
1223 2681 1392 2746 sinus
1416 2680 1782 2746 Saronicum
1819 2693 1882 2746 et
1910 2682 2267 2767 Argolicum
2299 2682 2488 2772 ¹longe
2518 2704 2679 2769 por—

654 2805 838 2859 rectas
861 2841 881 2876 ,
900 2792 1075 2858 fluvii
1104 2791 1371 2858 Inachus
1394 2842 1413 2877 ,
1449 2792 1725 2881 Phryxus
1748 2841 1767 2878 ,
1812 2795 1981 2860 lacus
2002 2796 2201 2860 Lerne
2220 2843 2239 2879 ,
2269 2797 2450 2862 urbes
2480 2799 2678 2885 Argos

653 2930 803 2973 cum
845 2918 1026 2994 portu
1061 2885 1359 2993 Nauplia,
1400 2908 1712 2995 Mycenas,
1757 2906 2101 2992 Epidaurus
2125 2958 2142 2992 ,
2184 2909 2558 2994 Hermione3
2602 2912 2674 2978 in

649 3022 853 3109 parvis
886 3020 1313 3086 memorabiles
1349 3019 1584 3104 Lerna,
1620 3011 1883 3103 Nemea,
1916 3020 2178 3108 Tiryns,
2212 3023 2484 3091 Troezen.
2518 3025 2672 3091 Par-

650 3146 779 3201 tem
805 3115 1112 3221 Argolidis
1138 3134 1376 3199 faciunt
1403 3132 1735 3220 Cynuriam
1759 3181 1777 3215 ,
1810 3132 1989 3216 cujus
2016 3133 2164 3197 urbs
2186 3134 2442 3223 Thyrea.

741 3251 849 3313 20.
895 3246 1158 3312 Laconia
1186 3257 1249 3311 et
1267 3237 1561 3311 Messenia
1584 3244 1993 3310 meridionalis
2017 3247 2418 3338 Peloponnesi
2441 3251 2627 3338 partis
2646 3301 2667 3335 ,

649 3360 819 3424 sinus
843 3357 1213 3424 Laconicum
1234 3407 1253 3441 ,
1290 3359 1452 3422 inter
1478 3357 1806 3422 -Taenarum
1837 3368 1899 3422 et
1926 3360 2182 3427 Maleam
2212 3362 2618 3447 promontoria
2642 3410 2663 3444 ,

647 3485 710 3538 et
750 3473 1120 3538 Messeniam
1165 3470 1515 3536 efficientes.
1564 3469 1843 3536 Laconiae
1888 3471 2216 3557 primarius
2255 3473 2479 3536 fluvius
2518 3473 2665 3536 Eu-

646 3599 808 3653 rotas
827 3635 846 3671 ,
876 3597 1114 3651 montes
1140 3585 1413 3672 insignes
1436 3582 1561 3649 duo
1582 3631 1600 3668 ,
1630 3584 1784 3649 alter
1803 3633 1820 3666 ,
1848 3585 2151 3672 Taygetus
2170 3632 2189 3667 ,
2226 3585 2293 3648 in
2331 3585 2656 3651 Taenarum

650 3695 1071 3787 (Metopon)
1086 3744 1112 3774 ,
1160 3699 1313 3762 alter
1369 3697 1439 3762 in
1491 3696 1749 3762 Maleam
1802 3696 2084 3761 desinens
2114 3719 2132 3778 ;
2184 3695 2330 3759 urbs
2377 3698 2661 3785 princeps

646 3808 1050 3875 Lacedaemon
1133 3835 1190 3876 v.
1264 3812 1474 3898 Sparta
1501 3834 1518 3894 3
1577 3811 1739 3875 inter
1797 3820 2041 3872 caeteras
2097 3806 2374 3894 ‚Amyclae
2396 3856 2416 3894 ‚
2471 3809 2649 3876 The-

645 3943 881 4009 rapnas,
904 3923 1149 3989 Sellasia
1170 3973 1189 4008 ,
1229 3926 1558 3992 Leuctrum
1583 3973 1602 4008 ,
1625 3925 1944 3989 Toenarum
1978 3919 2424 4009 (Caenepolis),
2453 3923 2660 3992 Achil-

711 4059 761 4124 1)
787 4058 860 4105 cr.
885 4056 954 4107 ib.
979 4052 1025 4123 5.
1050 4055 1131 4105 44.
