3111 4829
1327 391 1586 475 (471)

445 529 796 595 docendum
820 525 1233 622 permittimus
1269 560 1360 573 —
1386 546 1425 589 a
1464 524 1595 589 velo
1618 572 1636 608 ,
1664 524 1952 594 flammeo
1985 523 2085 616 3),
2110 525 2308 611 dicta,
2338 551 2463 615 quo
2577 579 2591 596 .

445 644 804 728 nuptiarum
846 640 949 706 die
982 651 1167 725 caput
1207 639 1601 722 obnubebat‚
1645 639 1812 705 unde
1857 641 2129 725 nubere,
2189 644 2459 729 nuptiae,

444 757 634 843 captis
678 767 821 822 ante
869 754 1157 840 auspiciis
1182 801 1199 834 ‚
1239 752 1477 839 diisque
1511 752 1942 839 conjugalibus
1964 803 1984 837 ,
2026 755 2307 844 inprimis
2333 758 2462 820 Ju—

440 892 646 955 none,
674 878 935 934 mactata
971 867 1223 933 bidente
1258 866 1548 931 invocatis
1588 862 1655 953 4)
1674 912 1695 948 ,
1745 868 1860 931 sub
1890 879 2132 934 noctem
2173 868 2249 934 de
2290 892 2462 935 more

437 985 505 1050 in
527 983 687 1050 mdes
721 982 926 1048 mariti
962 976 1073 1070 5),
1120 980 1286 1046 unde
1309 980 1594 1046 deductio
1620 1029 1637 1064 ,
1672 979 1899 1046 ducere
1937 1004 1992 1048 v.
2030 1006 2280 1048 uxorem
2323 984 2462 1049 du·-

440 1121 579 1163 cere
607 1147 627 1184 ,
668 1099 832 1163 Juno
870 1095 1198 1162 domiduca
1217 1143 1238 1179 ,
1276 1103 1395 1160 etc.
1419 1143 1439 1179 ‚
1470 1094 1586 1161 hac
1624 1096 1752 1162 fere
1793 1099 2156 1166 caeremonia
2184 1098 2460 1165 duceba-

438 1223 541 1282 tur
573 1208 665 1302 6).

503 1377 555 1442 1)
589 1376 651 1426 V.
675 1375 779 1441 eaj.
805 1373 831 1426 1
854 1411 871 1439 ,
907 1373 1021 1423 110.
1041 1397 1103 1412 --
1124 1372 1176 1435 2)
1210 1371 1287 1423 Cf.
1310 1371 1491 1437 Dionys
1508 1371 1542 1420 2
1560 1406 1578 1436 ‚
1596 1369 1691 1436 25,
1714 1370 1835 1421 Tac.
1858 1372 2002 1422 Arm.
2027 1370 2087 1436 4,
2114 1372 2176 1422 16
2193 1409 2209 1436 ,
2232 1374 2367 1423 Serv.
2391 1372 2458 1424 ad

438 1468 621 1532 Geor-q.
647 1466 670 1516 1
697 1502 713 1532 ,
734 1466 794 1518 31
817 1502 835 1530 ‚
856 1463 1030 1514 noeth.
1057 1461 1193 1529 Top-
1218 1463 1323 1513 Cic.
1344 1463 1406 1527 5,
1429 1464 1543 1527 Ulp.
1565 1463 1830 1526 Froqmm.
1859 1460 1893 1510 9
1910 1497 1926 1526 ‚
1951 1463 2055 1528 Caj.
2080 1462 2104 1512 1
2132 1499 2148 1527 ,
2183 1464 2299 1514 110.
2322 1465 2456 1515 Plin.

436 1556 499 1608 18
514 1593 531 1620 ‚
554 1556 588 1606 ὅ
606 1591 623 1619 ,
645 1557 775 1620 qm’n
793 1561 844 1603 et
873 1555 934 1603 δη
966 1555 1128 1604 sacris
1147 1553 1282 1602 nihil
1303 1553 1593 1616 relt'qiou'nu
1625 1551 2050 1614 confarreationis
2078 1553 2281 1601 vinculo
2311 1562 2419 1602 erat
2429 1588 2454 1620 ,

434 1661 677 1709 nomque
715 1650 892 1709 nuptm
920 1643 1156 1707 farreum
1184 1637 1542 1707 praeferebant.
1560 1669 1621 1678 —
1643 1640 1695 1701 ὅ)
1734 1640 1810 1688 Cf.
1841 1640 1965 1688 Luc.
1988 1639 2038 1704 2,
2058 1640 2146 1690 561
2167 1677 2183 1704 ‚
2208 1642 2345 1690 lutea
2365 1644 2453 1689 de-

432 1736 614 1782 missos
651 1734 888 1782 velarunt
919 1734 1158 1797 flammea
1199 1732 1372 1779 vultus
1391 1765 1409 1795 ‚
1448 1730 1630 1778 Juven.
1670 1728 1702 1779 6
1721 1764 1739 1794 ,
1773 1728 1869 1778 225
1889 1763 1909 1793 ,
1950 1731 2186 1794 flammea
2223 1734 2452 1779 conterit.

431 1821 495 1873 V.
534 1826 642 1883 not.
668 1818 713 1889 §.
753 1819 868 1870 482.
899 1848 960 1858 -
997 1819 1049 1886 ⁴)
1074 1819 1150 1868 cf.
1189 1819 1325 1868 Serv.
1358 1817 1423 1867 ad
1452 1820 1576 1868 AEn.
1614 1817 1676 1882 4,
1698 1816 1861 1867 59.-’-
1881 1818 1934 1877 5)
1961 1818 2036 1865 Cf.
2062 1818 2171 1868 Cat.
2202 1818 2301 1883 62,
2329 1818 2444 1868 119.

431 1929 544 1977 sqq.
558 1948 575 1979 7.
593 1911 661 1962 58
678 1947 696 1976 ‚
716 1912 971 1976 Hespero,
993 1913 1090 1976 qm·
1115 1908 1232 1959 coelo
1246 1909 1419 1973 fertur
1439 1910 1698 1959 crudelior
1731 1911 1909 1973 iquiaet
1939 1909 2050 1972 Qui
2066 1913 2454 1974 qnammpouio

432 2003 697 2067 complexu
723 2001 933 2051 avellem
962 2002 1141 2050 matria
1157 2034 1175 2063 ,
1199 2003 1299 2062 eto.
1324 1997 1400 2048 Cf.
1423 1996 1601 2063 Pomp-¹
1632 1997 1687 2045 in
1710 1996 1916 2047 Pandd.
1939 1995 2034 2061 23,
2057 1996 2090 2046 2
2105 2031 2125 2061 ,
2145 1995 2200 2045 5.
2217 2024 2279 2034 —
2298 1997 2351 2060 6)
2370 1997 2450 2046 Cf.

430 2089 623 2142 Lucan.
644 2091 706 2155 2,
726 2089 825 2140 554
841 2125 858 2155 ,
872 2104 985 2154 sqq.

521 2230 675 2294 478.
722 2227 779 2291 Α
807 2250 1022 2315 sponso
1053 2250 1089 2292 e
1117 2227 1327 2292 matris
1346 2274 1364 2310 ,
1394 2235 1535 2310 aut,
1572 2225 1622 2289 si
1669 2247 1801 2294 nou
1826 2236 2199 2311 superesset,
2237 2248 2274 2290 e
2300 2247 2448 2312 pro-

428 2343 681 2431 pinquae
707 2343 944 2432 gremio
978 2342 1045 2406 in
1078 2341 1343 2429 speciem
1372 2341 1657 2427 subrepta
1680 2388 1698 2425 ‚
1733 2341 1942 2406 fusum
1969 2362 2163 2408 manu
2190 2352 2407 2408 tenens
2426 2390 2445 2425 ,

431 2480 549 2524 nec
592 2481 702 2524 sua
743 2457 1098 2546 egrediem,
1131 2478 1250 2522 nec
1291 2456 1499 2521 mariti
1531 2455 1791 2521 domum
1829 2455 2219 2543 ingrediens,
2253 2458 2447 2522 limen

431 2571 741 2659 tangebat.
783 2572 1104 2638 Ducebant
1145 2570 1279 2635 bini
1315 2569 1575 2655 juvenes
1630 2565 2067 2659 (τηένυμφω),
2112 2570 2290 2635 tertio
2338 2582 2448 2637 aut

433 2686 717 2772 pluribus
742 2709 890 2753 cum
916 2688 1049 2753 face
1070 2683 1555 2771 praecedentibus
1574 2730 1594 2767 ,
1615 2705 1738 2770 quo
1763 2681 2058 2747 trahenda
2086 2684 2204 2768 fax,
2231 2677 2448 2770 Ῑιίιιιιε,Δ

432 2800 591 2866 toeda
639 2801 931 2889 nuptialis
982 2797 1086 2890 1),
1133 2807 1386 2887 quartus
1414 2818 1562 2862 cum
1603 2796 1769 2861 vario
1808 2807 2027 2862 ornatu
2062 2797 2184 2862 sive
2212 2797 2447 2863 mundo

434 2915 724 2979 muliebri
776 2915 1163 3002 sequebatur.
1211 2912 1425 2977 Nescio
1447 2959 1465 2994 ‚
1505 2932 1588 2976 an
1633 2910 1715 2975 ab
1742 2908 1864 2974 hoc
1910 2907 2180 2974 diversus
2202 2958 2221 2993 ‚
2257 2932 2445 2997 quem

433 3038 779 3094 memorant
802 3027 1119 3092 camillum
1151 3023 1177 3115 (
1190 3024 1251 3107 §.
1285 3025 1432 3088 329.
1452 3020 1480 3111 )
1501 3071 1519 3105 ,
1551 3031 1828 3086 contecto
1856 3020 1924 3083 in
1952 3041 2089 3084 vase
2107 3069 2124 3104 ‚
2151 3042 2403 3086 cumero
2429 3070 2446 3103 ‚

434 3142 719 3208 utensilia
763 3151 825 3206 et
867 3161 1057 3227 puero
1100 3139 1312 3204 futuro
1359 3135 1697 3223 crepundia
1742 3135 2042 3199 ferentem
2093 3133 2183 3223 2).
2219 3136 2450 3222 Sponsa

432 3268 629 3346 postes
654 3255 881 3321 aedium
926 3253 1134 3318 mariti
1179 3250 1561 3319 laneisrvittis
1590 3249 1881 3333 ornabat,¹
1905 3247 2083 3334 adipe
2125 3249 2311 3312 etiam
2342 3250 2449 3312 lu-

431 3373 582 3460 pino
614 3379 723 3435 aut
763 3369 942 3433 suillo
964 3388 1205 3454 ungens
1234 3360 1305 3454 3)
1330 3414 1348 3449 ,
1390 3362 1669 3451 pedeque
1708 3363 1775 3427 in
1803 3364 1961 3450 pelle
1998 3362 2179 3428 ovina
2225 3363 2447 3448 inipso

433 3486 688 3562 introitu
720 3482 941 3571 posito,
972 3503 1261 3570 sponsum
1289 3478 1560 3544 vocabat.
1598 3479 1658 3542 Is
1698 3477 1908 3542 aderat
1929 3526 1947 3560 ,
1989 3478 2183 3543 claves
2219 3499 2449 3563 sponsae

432 3602 675 3682 ferens,
718 3618 870 3684 quas
897 3595 1026 3680 ipsa
1066 3615 1239 3660 servo
1285 3591 1579 3658 tradebat.
1611 3592 1702 3657 De
1739 3588 1887 3675 Caja
1913 3612 1971 3654 v.
2004 3592 2067 3677 §.
2102 3590 2248 3654 480.
2280 3589 2444 3652 Tum

431 3736 654 3799 aquam
704 3723 770 3777 et
805 3711 1017 3798 ignem
1042 3759 1059 3794 ,
1099 3709 1279 3795 ajunt
1300 3755 1319 3791 ‚
1347 3706 1645 3793 tangebat,
1678 3703 1769 3793 4).
1802 3709 2070 3771 Domum
2099 3704 2285 3769 etiam
2318 3703 2447 3768 flo-

433 3826 553 3890 reis
579 3828 747 3917 sertis
776 3827 984 3893 ornari
1014 3848 1146 3890 mos
1179 3821 1279 3912 5).
1311 3824 1560 3910 Sponsae
1587 3832 1796 3887 autem
1826 3830 2076 3886 ornatus
2102 3833 2447 3885 memorant

434 3961 674 4005 comam
702 3938 869 4007 hasta
905 3937 974 4029 6)
1012 3934 1286 4006 ciielibari
1319 3948 1583 4003 comtam
1617 3934 1687 4027 7)
1713 3985 1731 4020 ,
1760 3935 1986 4003 incerta
2027 3936 2180 4000 ritus
2206 3936 2444 4022 origine

434 4066 494 4119 et
535 4076 719 4121 causa
758 4055 824 4143 8)
845 4104 868 4140 ,
908 4056 1185 4122 tunicam
1217 4075 1441 4142 puram
1468 4049 1737 4142 (rectam
1762 4100 1781 4139 ‚
1811 4050 1968 4116 Plin.
2027 4050 2214 4135 Vm,
2242 4050 2344 4115 48.
2371 4047 2440 4137 )‚
