3111 4829
460 523 601 570 Ovid.
629 522 792 573 Tri-st.
820 522 842 570 1
866 557 883 584 ‚
905 521 939 569 5
955 557 972 583 ,
993 519 1078 569 22.
1102 546 1164 560 --
1182 518 1234 583 5)
1254 519 1436 570 Herod.
1465 519 1496 569 4
1515 556 1531 581 ,
1551 519 1604 568 2.
1628 548 1685 556 —
1711 519 1762 583 ⁴)
1798 519 1929 569 Fest.
1955 519 2008 568 in
2030 534 2211 585 neopo-
2233 546 2294 561 -
2312 521 2366 587 5)
2400 522 2479 575 cf.

459 612 488 658 J
496 629 641 660 uven.
676 611 708 658 8
730 648 746 673 ‚
781 610 894 659 175.
917 609 1061 674 -GJ
1086 609 1215 671 Quos
1235 609 1439 657 arbitria
1461 615 1606 658 vocat
1626 608 1819 669 Cicero,
1845 611 1901 656 in
1920 608 2031 657 Pis.
2056 609 2108 673 9,
2130 626 2187 673 p.
2211 610 2352 664 donee
2375 609 2437 658 57
2454 643 2478 674 ,

453 709 569 765 pose
587 703 693 749 rea.
718 703 775 748 en
792 717 835 749 ε.
860 699 1033 763 7.-7)
1057 696 1191 747 Plut.
1216 698 1359 762 Sylla
1374 735 1390 762 ‚
1415 697 1498 747 ss.
1527 726 1585 734 -
1610 698 1661 761 8)
1683 698 1813 745 min.
1843 697 1905 745 12
1924 734 1940 752 .
1967 697 2048 747 18.
2068 726 2127 735 -
2147 698 2199 763 9)
2226 699 2308 748 De
2328 681 2481 762 &994

461 790 512 852 2,
534 789 865 853 sam-10)
882 788 1229 864 Egceptionem
1245 788 1316 836 sic
1342 788 1571 836 concedit
1596 788 1749 835 altera
1768 787 1844 834 lex
1864 786 1999 850 (Cic.
2023 788 2085 835 do
2106 787 2257 851 Leqq.
2293 788 2326 836 2
2344 825 2359 850 ‚
2394 786 2477 856 24„

461 881 525 929 V.
550 896 602 944 p.
626 880 767 944 255.)
793 916 804 926 .
835 878 1122 942 Quoiam-o
1145 879 1316 927 deme
1341 880 1503 928 vinces·
1516 883 1696 925 escunt
1708 911 1727 941 ‚
1744 884 1823 925 ast
1839 878 1909 924 ὄπι
1931 892 2047 924 cum
2070 878 2158 926 illo
2179 865 2388 940 sepelire
2414 893 2482 927 οι-

464 987 625 1020 ret-eve
645 986 698 1018 ee
712 969 902 1033 fraudo
917 968 1102 1019 esto-V.
1117 968 1314 1033 Boettig.
1334 967 1547 1031 Sabina,
1560 967 1668 1020 v.1.
1681 983 1732 1032 p.
1753 965 1988 1033 58.-11)
2002 967 2078 1018 Cr.
2103 968 2275 1017 Crem.
2293 965 2345 1036 §-
2361 967 2479 1020 5⁰5.

1177 1105 1419 1148 nonum
1443 1132 1461 1166 ‚
1506 1105 1758 1150 onnus.

556 1222 705 1287 491.
756 1218 983 1284 Gentes
1027 1217 1296 1305 patriciis
1336 1231 1397 1284 et
1435 1220 1693 1306 plebejis
1738 1219 2047 1287 distinctas
2080 1269 2098 1303 ,
2138 1244 2476 1309 earumque

463 1332 771 1397 connubio
802 1342 863 1396 et
891 1331 1214 1418 adoptione
1247 1333 1592 1397 mistionem
1619 1383 1637 1417 ‚
1678 1337 1928 1399 nomina
1972 1336 2249 1400 Romana
2278 1359 2471 1421 pere—

466 1445 672 1529 grinos
693 1445 936 1509 civitate
956 1443 1205 1509 donatos
1225 1493 1244 1529 ,
1281 1456 1344 1509 et
1370 1444 1765 1510 dominorum
1788 1446 2039 1510 nomina
2073 1447 2480 1511 manumissos

465 1557 789 1640 accepisse,
804 1555 966 1621 diem
992 1557 1174 1620 etiam
1198 1556 1574 1621 nominalem
1591 1559 1675 1647 (ς.
1703 1555 1882 1647 483.)
1905 1559 2038 1623 aliis
2069 1560 2215 1622 locis
2238 1582 2478 1623 memo-
2538 1581 2541 1584 ·

465 1670 751 1734 ravimus.
789 1669 905 1733 Hic
929 1669 1225 1734 nonnulla
1252 1680 1578 1755 supersunt
1604 1670 1956 1735 brevissime
1987 1670 2362 1756 explicanda.

552 1784 811 1848 Nomina
840 1783 1135 1848 Romanis
1164 1782 1240 1847 de
1273 1805 1443 1848 more
1472 1785 1647 1869 plura
1673 1833 1693 1869 ,
1716 1785 1893 1850 initio
1919 1834 1937 1868 ,
1960 1796 2029 1849 ut
2049 1785 2301 1873 quidam
2344 1808 2479 1872 pu-

465 1907 631 1980 tant,
663 1898 822 1961 facto
868 1919 904 1961 a
944 1900 1366 1962 Romanorum
1411 1919 1558 1961 cum
1606 1898 1848 1962 Sabinis
1889 1899 2322 1984 conjunctione
2367 1896 2468 1987 1);

463 2009 567 2072 cui
609 2011 810 2090 favet,
848 2008 1013 2094 quod
1038 2010 1459 2096 antiquissimo
1490 2022 1764 2097 tempore
1792 2033 1994 2075 unum
2015 2060 2032 2094 ‚
2062 2023 2131 2078 ut
2158 2012 2440 2076 Numitor
2455 2060 2477 2096 2

465 2122 753 2185 Amulius
777 2170 794 2203 ,
850 2122 1153 2186 Romulus
1174 2169 1192 2204 ‚
1240 2122 1416 2186 Celer
1435 2170 1454 2206 ,
1496 2124 1762 2186 occurrit
1788 2147 1806 2206 3
1835 2122 1941 2187 sed
1966 2121 2180 2187 eodem
2211 2134 2483 2208 tempore

466 2233 632 2318 apud
670 2234 901 2298 vicinas
942 2236 1157 2298 Romae
1198 2245 1407 2319 gentes
1448 2233 1612 2320 duc,
1661 2247 1731 2299 ut
1777 2236 1950 2300 Titus
1978 2231 2238 2320 Ταῑίιιε,
2281 2237 2485 2304 Numa

437 2369 440 2376 ²
467 2337 803 2433 Pompilius
824 2395 842 2430 ,
865 2348 1103 2435 aliaque
1127 2358 1546 2411 memorantur
1570 2371 1587 2432 3
1618 2370 1739 2435 quo
1764 2349 1944 2413 citius
1969 2347 2246 2413 crederes
2265 2349 2483 2412 Romae

469 2463 652 2526 etiam
692 2463 866 2526 initio
887 2463 1034 2527 bina
1064 2462 1246 2548 vulgo
1270 2462 1453 2527 fuisse
1477 2511 1495 2545 ,
1527 2463 1682 2549 quin
1725 2485 1968 2527 necesse
1992 2463 2067 2526 sit
2089 2485 2158 2528 ea
2179 2486 2215 2528 a
2242 2462 2484 2526 Sabinis

469 2585 741 2658 repetere
765 2622 782 2656 ‚
806 2584 990 2660 atque
1011 2594 1082 2637 eo
1100 2573 1296 2659 magis
1318 2596 1336 2655 ;
1369 2572 1535 2660 quod
1558 2574 1808 2638 tertium
1831 2596 2058 2638 nomen
2101 2576 2291 2637 serius
2321 2597 2354 2638 a
2374 2597 2484 2639 va-

471 2688 574 2751 riis
618 2689 815 2752 causis
845 2688 1159 2752 accessisse
1204 2688 1490 2774 gentibus
1519 2689 1816 2754 Romanis
1842 2688 2051 2753 multis
2073 2687 2382 2773 videmus3
2412 2709 2484 2753 ae

464 2825 606 2867 vero
644 2802 990 2888 proximum
1037 2813 1126 2867 est
1152 2802 1256 2885 ,in
1285 2803 1573 2866 omnibus
1595 2801 1713 2867 boc
1754 2802 2042 2867 accidisse
2068 2852 2087 2887 ,
2131 2802 2291 2886 nisi,
2320 2803 2485 2867 inter

407 2898 412 2907 ⁹
468 2918 696 3002 primos
715 2918 932 2980 Romae
956 2918 1184 2981 incolas
1198 2916 1329 3000 jam
1369 2917 1565 2982 tribus
1593 2918 1949 2981 nominibus
1971 2928 2180 3003 gentes
2208 2919 2485 2982 nonnul-

465 3030 552 3092 las
579 3029 763 3091 fuisse
788 3077 805 3111 ‚
834 3029 1012 3090 malis
1041 3027 1353 3111 suspicari.
1384 3028 1689 3092 Caeterum
1714 3076 1731 3109 ,
1758 3028 1936 3091 tertio
1978 3030 2228 3092 nomine
2262 3053 2296 3093 a
2341 3050 2485 3094 casu

467 3141 650 3205 ducto
671 3190 688 3225 ,
720 3141 954 3204 mirum
987 3161 1110 3202 non
1140 3149 1264 3221 est,
1305 3139 1674 3226 quibusdam
1702 3141 1769 3204 in
1796 3140 2081 3227 gentibus
2105 3153 2211 3205 aut
2240 3138 2486 3206 familiis

469 3255 778 3319 Ciceronis
799 3255 984 3318 etiam
1008 3263 1180 3318 aetate
1203 3252 1326 3317 duo
1350 3234 1587 3317 tantum
1602 3276 1940 3320 occurrere.
1966 3253 2085 3353 Sed
2105 3256 2487 3342 frequentius

466 3370 660 3433 multo
685 3370 798 3433 tria
821 3418 838 3451 ,
867 3390 1023 3454 saepe
1064 3379 1125 3432 et
1152 3378 1447 3455 quatuor,
1481 3392 1616 3433 raro
1644 3370 1921 3457 quinque
1948 3370 2370 3435 inveniuntur.
2398 3371 2484 3435 Ex

468 3484 562 3553 his
585 3482 926 3548 secundum
954 3493 1042 3545 est
1072 3482 1269 3568 gentis
1294 3531 1311 3565 ,
1347 3483 1516 3546 velut
1545 3484 1783 3547 Tullius
1802 3533 1819 3567 ‚
1847 3484 2168 3548 Cornelius
2195 3534 2211 3565 ,
2244 3485 2445 3548 Julius
2467 3534 2484 3569 ,

455 3588 790 3683 ”Pompejus
814 3620 832 3679 ;
855 3596 1126 3682 primum
1150 3645 1165 3678 ‚
1191 3618 1542 3681 praenomen
1578 3645 1595 3679 ‚
1623 3597 1792 3660 velut
1812 3597 2016 3681 Caju8‚
2048 3598 2245 3662 Aulus
2268 3647 2284 3679 ,
2310 3599 2483 3661 Cne-

464 3712 570 3794 jus
596 3759 611 3793 ‚
650 3713 888 3775 Marcus
912 3758 928 3792 ,
951 3709 1233 3791 Publius,
1259 3708 1508 3793 ejudem
1534 3711 1783 3774 familiae
1797 3709 2109 3795 homines,
2138 3712 2300 3774 velut
2325 3712 2489 3776 Mar-

470 3846 578 3887 cus
611 3836 670 3888 ct
690 3826 959 3906 Quintus
983 3825 1216 3906 Cicero,
1243 3824 1427 3908 Cujus
1449 3835 1509 3888 et
1529 3825 1809 3890 Tiberius
1828 3825 2163 3909 Gracchus,
2194 3826 2439 3889 tertium
2467 3875 2485 3909 ,
2560 3806 2563 3807 ⁷

469 3958 810 4023 cognomen
834 3989 851 4024 ,
880 3939 1161 4024 ejusdem
1188 3939 1386 4025 gentis
1414 3940 1675 4004 familias
1699 3939 2057 4026 distinguit,
2099 3942 2257 4005 velut
2282 3940 2485 4026 Scipio

472 4060 532 4112 ct
557 4050 849 4120 Lentulus
878 4054 946 4118 in
976 4063 1161 4145 gente
1193 4053 1470 4121 Cornelia
1489 4102 1507 4138 ,
1544 4052 1800 4139 Drusu3‚
1825 4052 2140 4121 Gracchus
2168 4064 2229 4120 et
2259 4053 2484 4119 Asellio
