<?xml version="1.0" encoding="UTF-8"?>
<!DOCTYPE html PUBLIC "-//W3C//DTD XHTML 1.0 Transitional//EN"
    "http://www.w3.org/TR/xhtml1/DTD/xhtml1-transitional.dtd">
<html xmlns="http://www.w3.org/1999/xhtml" xml:lang="en" lang="en">
 <head>
  <title>
</title>
<meta http-equiv="Content-Type" content="text/html;charset=utf-8" />
  <meta name='ocr-system' content='tesseract 3.04.00' />
  <meta name='ocr-capabilities' content='ocr_page ocr_carea ocr_par ocr_line ocrx_word'/>
</head>
<body>
  <div class='ocr_page' id='page_1' title='image "./antiquitatesrom00dirkgoog_0056.png"; bbox 0 0 3111 4829; ppageno 0'>
   <div class='ocr_carea' id='block_1_1' title="bbox 1272 411 1485 495">
    <p class='ocr_par' dir='ltr' id='par_1_1' title="bbox 1272 411 1485 495">
     <span class='ocr_line' id='line_1_1' title="bbox 1272 411 1485 495; baseline -0.005 0"><span class='ocrx_word' id='word_1_1' title='bbox 1272 411 1485 495; x_wconf 85' lang='lat'>(25)</span> 
     </span>
    </p>
   </div>
   <div class='ocr_carea' id='block_1_2' title="bbox 381 542 2550 632">
    <p class='ocr_par' dir='ltr' id='par_1_2' title="bbox 381 542 2550 632">
     <span class='ocr_line' id='line_1_2' title="bbox 381 542 2550 632; baseline -0.002 -23"><span class='ocrx_word' id='word_1_2' title='bbox 381 545 514 610; x_wconf 86' lang='lat' dir='ltr'><strong>ritis</strong></span> <span class='ocrx_word' id='word_1_3' title='bbox 543 544 990 630; x_wconf 76' lang='lat' dir='ltr'><strong>commanens,</strong></span> <span class='ocrx_word' id='word_1_4' title='bbox 1010 545 1278 632; x_wconf 74' lang='lat' dir='ltr'><strong>Tyanitis</strong></span> <span class='ocrx_word' id='word_1_5' title='bbox 1297 593 1316 628; x_wconf 91' lang='lat'><strong>,</strong></span> <span class='ocrx_word' id='word_1_6' title='bbox 1337 544 1623 611; x_wconf 82' lang='lat' dir='ltr'><strong>Cataonia</strong></span> <span class='ocrx_word' id='word_1_7' title='bbox 1649 592 1668 628; x_wconf 93' lang='lat'><strong>,</strong></span> <span class='ocrx_word' id='word_1_8' title='bbox 1690 545 1902 611; x_wconf 88' lang='lat' dir='ltr'><strong>Cilicia</strong></span> <span class='ocrx_word' id='word_1_9' title='bbox 1914 562 1933 628; x_wconf 90' lang='lat'>;</span> <span class='ocrx_word' id='word_1_10' title='bbox 1959 544 2142 609; x_wconf 76' lang='lat' dir='ltr'><strong>urbes</strong></span> <span class='ocrx_word' id='word_1_11' title='bbox 2162 542 2401 607; x_wconf 79' lang='lat' dir='ltr'><strong>Diocae—</strong></span> <span class='ocrx_word' id='word_1_12' title='bbox 2535 598 2550 605; x_wconf 76' lang='lat'><strong>-</strong></span> 
     </span>
    </p>
   </div>
   <div class='ocr_carea' id='block_1_3' title="bbox 382 657 2490 4244">
    <p class='ocr_par' dir='ltr' id='par_1_3' title="bbox 382 657 2490 2455">
     <span class='ocr_line' id='line_1_3' title="bbox 384 657 2400 748; baseline 0 -24"><span class='ocrx_word' id='word_1_13' title='bbox 384 681 553 724; x_wconf 89' lang='lat' dir='ltr'><strong>sarea</strong></span> <span class='ocrx_word' id='word_1_14' title='bbox 575 708 593 744; x_wconf 92' lang='lat'><strong>,</strong></span> <span class='ocrx_word' id='word_1_15' title='bbox 633 660 862 746; x_wconf 74' lang='lat' dir='ltr'><strong>Nyssa,</strong></span> <span class='ocrx_word' id='word_1_16' title='bbox 904 661 1142 725; x_wconf 84' lang='lat' dir='ltr'><strong>Mazaca</strong></span> <span class='ocrx_word' id='word_1_17' title='bbox 1172 657 1527 748; x_wconf 65' lang='lat' dir='ltr'><strong>(Cesarea)</strong></span> <span class='ocrx_word' id='word_1_18' title='bbox 1550 708 1570 743; x_wconf 93' lang='lat'><strong>,</strong></span> <span class='ocrx_word' id='word_1_19' title='bbox 1615 660 1852 747; x_wconf 80' lang='lat' dir='ltr'>Tyana,</span> <span class='ocrx_word' id='word_1_20' title='bbox 1892 671 1953 725; x_wconf 89' lang='lat' dir='ltr'><strong>et</strong></span> <span class='ocrx_word' id='word_1_21' title='bbox 1990 660 2058 723; x_wconf 90' lang='lat' dir='ltr'><strong>in</strong></span> <span class='ocrx_word' id='word_1_22' title='bbox 2109 660 2400 725; x_wconf 83' lang='lat' dir='ltr'><strong>Armenia</strong></span> 
     </span>
     <span class='ocr_line' id='line_1_4' title="bbox 384 760 2404 860; baseline -0 -23"><span class='ocrx_word' id='word_1_23' title='bbox 384 774 630 839; x_wconf 88' lang='lat' dir='ltr'><strong>minore</strong></span> <span class='ocrx_word' id='word_1_24' title='bbox 649 821 668 855; x_wconf 91' lang='lat'><strong>,</strong></span> <span class='ocrx_word' id='word_1_25' title='bbox 720 794 905 860; x_wconf 87' lang='lat' dir='ltr'><strong>quam</strong></span> <span class='ocrx_word' id='word_1_26' title='bbox 955 760 1351 860; x_wconf 72' lang='lat' dir='ltr'><strong>Cappadocia!</strong></span> <span class='ocrx_word' id='word_1_27' title='bbox 1390 785 1624 860; x_wconf 87' lang='lat' dir='ltr'><strong>partem</strong></span> <span class='ocrx_word' id='word_1_28' title='bbox 1683 775 1957 856; x_wconf 82' lang='lat' dir='ltr'><strong>faciunt,</strong></span> <span class='ocrx_word' id='word_1_29' title='bbox 2005 772 2290 838; x_wconf 80' lang='lat' dir='ltr'><strong>Melitene</strong></span> <span class='ocrx_word' id='word_1_30' title='bbox 2342 784 2404 836; x_wconf 84' lang='lat' dir='ltr'><strong>et</strong></span> 
     </span>
     <span class='ocr_line' id='line_1_5' title="bbox 392 884 2412 974; baseline 0 -23"><span class='ocrx_word' id='word_1_31' title='bbox 392 886 719 971; x_wconf 57' lang='lat' dir='ltr'><strong>Nicopoli&amp;</strong></span> <span class='ocrx_word' id='word_1_32' title='bbox 743 886 1046 974; x_wconf 61' lang='lat' dir='ltr'><strong>Bithyniae</strong></span> <span class='ocrx_word' id='word_1_33' title='bbox 1075 884 1101 964; x_wconf 92' lang='lat'>(</span> <span class='ocrx_word' id='word_1_34' title='bbox 1125 884 1458 974; x_wconf 76' lang='lat' dir='ltr'><strong>Bebrycia)</strong></span> <span class='ocrx_word' id='word_1_35' title='bbox 1477 886 1738 952; x_wconf 81' lang='lat' dir='ltr'><strong>flumina</strong></span> <span class='ocrx_word' id='word_1_36' title='bbox 1766 887 2097 973; x_wconf 79' lang='lat' dir='ltr'><strong>Sangarius</strong></span> <span class='ocrx_word' id='word_1_37' title='bbox 2115 937 2131 970; x_wconf 88' lang='lat'>‚</span> <span class='ocrx_word' id='word_1_38' title='bbox 2155 884 2412 963; x_wconf 80' lang='lat' dir='ltr'><strong>Gallum</strong></span> 
     </span>
     <span class='ocr_line' id='line_1_6' title="bbox 387 1000 2411 1085; baseline 0.001 -21"><span class='ocrx_word' id='word_1_39' title='bbox 387 1000 720 1085; x_wconf 89' lang='lat' dir='ltr'><strong>recipiens,</strong></span> <span class='ocrx_word' id='word_1_40' title='bbox 763 1011 825 1064; x_wconf 86' lang='lat' dir='ltr'><strong>et</strong></span> <span class='ocrx_word' id='word_1_41' title='bbox 858 1000 1146 1083; x_wconf 85' lang='lat' dir='ltr'><strong>Billaeus,</strong></span> <span class='ocrx_word' id='word_1_42' title='bbox 1191 1000 1259 1064; x_wconf 90' lang='lat' dir='ltr'><strong>in</strong></span> <span class='ocrx_word' id='word_1_43' title='bbox 1303 1000 1615 1064; x_wconf 83' lang='lat' dir='ltr'><strong>Euxinum</strong></span> <span class='ocrx_word' id='word_1_44' title='bbox 1651 1000 2022 1083; x_wconf 83' lang='lat' dir='ltr'><strong>influentes,</strong></span> <span class='ocrx_word' id='word_1_45' title='bbox 2059 1002 2131 1065; x_wconf 66' lang='lat' dir='ltr'><strong>‘in</strong></span> <span class='ocrx_word' id='word_1_46' title='bbox 2178 1003 2411 1068; x_wconf 84' lang='lat' dir='ltr'><strong>caeteris</strong></span> 
     </span>
     <span class='ocr_line' id='line_1_7' title="bbox 394 1084 2421 1201; baseline 0.001 -24"><span class='ocrx_word' id='word_1_47' title='bbox 394 1084 574 1200; x_wconf 79' lang='lat' dir='ltr'><strong>Hylas</strong></span> <span class='ocrx_word' id='word_1_48' title='bbox 611 1123 672 1179; x_wconf 88' lang='lat' dir='ltr'><strong>et</strong></span> <span class='ocrx_word' id='word_1_49' title='bbox 716 1114 944 1201; x_wconf 79' lang='lat' dir='ltr'><strong>Lycus3</strong></span> <span class='ocrx_word' id='word_1_50' title='bbox 978 1115 1155 1179; x_wconf 83' lang='lat' dir='ltr'><strong>‘inter</strong></span> <span class='ocrx_word' id='word_1_51' title='bbox 1184 1114 1437 1200; x_wconf 89' lang='lat' dir='ltr'><strong>populos</strong></span> <span class='ocrx_word' id='word_1_52' title='bbox 1481 1113 1907 1200; x_wconf 83' lang='lat' dir='ltr'><strong>Mariandyni,</strong></span> <span class='ocrx_word' id='word_1_53' title='bbox 1942 1113 2189 1200; x_wconf 55' lang='lat' dir='ltr'><strong>Thyni,</strong></span> <span class='ocrx_word' id='word_1_54' title='bbox 2240 1115 2421 1180; x_wconf 86' lang='lat' dir='ltr'><strong>Cau-</strong></span> 
     </span>
     <span class='ocr_line' id='line_1_8' title="bbox 382 1227 2421 1317; baseline 0.002 -27"><span class='ocrx_word' id='word_1_55' title='bbox 382 1246 617 1307; x_wconf 69' lang='lat' dir='ltr'><strong>cones3</strong></span> <span class='ocrx_word' id='word_1_56' title='bbox 656 1227 818 1291; x_wconf 88' lang='lat' dir='ltr'><strong>inter</strong></span> <span class='ocrx_word' id='word_1_57' title='bbox 867 1227 1050 1293; x_wconf 90' lang='lat' dir='ltr'><strong>urbes</strong></span> <span class='ocrx_word' id='word_1_58' title='bbox 1091 1229 1161 1292; x_wconf 89' lang='lat' dir='ltr'><strong>in</strong></span> <span class='ocrx_word' id='word_1_59' title='bbox 1199 1250 1304 1293; x_wconf 90' lang='lat' dir='ltr'><strong>ora</strong></span> <span class='ocrx_word' id='word_1_60' title='bbox 1342 1229 1570 1315; x_wconf 80' lang='lat' dir='ltr'><strong>Myrlea</strong></span> <span class='ocrx_word' id='word_1_61' title='bbox 1591 1227 1985 1317; x_wconf 43' lang='lat' dir='ltr'><strong>(Apamea),</strong></span> <span class='ocrx_word' id='word_1_62' title='bbox 2023 1229 2375 1295; x_wconf 83' lang='lat' dir='ltr'><strong>Nicomedia</strong></span> <span class='ocrx_word' id='word_1_63' title='bbox 2403 1279 2421 1314; x_wconf 89' lang='lat'><strong>,</strong></span> 
     </span>
     <span class='ocr_line' id='line_1_9' title="bbox 393 1341 2436 1446; baseline 0.003 -40"><span class='ocrx_word' id='word_1_64' title='bbox 393 1341 748 1430; x_wconf 84' lang='lat' dir='ltr'><strong>Drepanum</strong></span> <span class='ocrx_word' id='word_1_65' title='bbox 767 1391 786 1425; x_wconf 91' lang='lat'><strong>,</strong></span> <span class='ocrx_word' id='word_1_66' title='bbox 843 1342 1191 1409; x_wconf 82' lang='lat' dir='ltr'><strong>Chalcedon</strong></span> <span class='ocrx_word' id='word_1_67' title='bbox 1210 1392 1226 1425; x_wconf 89' lang='lat'>‚</span> <span class='ocrx_word' id='word_1_68' title='bbox 1273 1344 1568 1408; x_wconf 84' lang='lat' dir='ltr'><strong>Heraclea</strong></span> <span class='ocrx_word' id='word_1_69' title='bbox 1593 1391 1611 1425; x_wconf 92' lang='lat'><strong>,</strong></span> <span class='ocrx_word' id='word_1_70' title='bbox 1647 1343 1830 1408; x_wconf 85' lang='lat' dir='ltr'><strong>Tium</strong></span> <span class='ocrx_word' id='word_1_71' title='bbox 1849 1390 1868 1425; x_wconf 90' lang='lat'><strong>,</strong></span> <span class='ocrx_word' id='word_1_72' title='bbox 1910 1343 2172 1409; x_wconf 87' lang='lat' dir='ltr'><strong>interius</strong></span> <span class='ocrx_word' id='word_1_73' title='bbox 2217 1347 2436 1446; x_wconf 66' lang='lat' dir='ltr'><strong>Prusa,</strong></span> 
     </span>
     <span class='ocr_line' id='line_1_10' title="bbox 395 1453 2433 1546; baseline 0.003 -27"><span class='ocrx_word' id='word_1_74' title='bbox 395 1453 480 1519; x_wconf 89' lang='lat' dir='ltr'><strong>ad</strong></span> <span class='ocrx_word' id='word_1_75' title='bbox 528 1454 861 1544; x_wconf 81' lang='lat' dir='ltr'><strong>Olympum</strong></span> <span class='ocrx_word' id='word_1_76' title='bbox 890 1504 907 1536; x_wconf 91' lang='lat'><strong>‚</strong></span> <span class='ocrx_word' id='word_1_77' title='bbox 963 1457 1162 1521; x_wconf 75' lang='lat' dir='ltr'><strong>Nicaea</strong></span> <span class='ocrx_word' id='word_1_78' title='bbox 1187 1503 1206 1540; x_wconf 94' lang='lat'><strong>,</strong></span> <span class='ocrx_word' id='word_1_79' title='bbox 1252 1455 1718 1542; x_wconf 79' lang='lat' dir='ltr'><strong>Hadrianopolis</strong></span> <span class='ocrx_word' id='word_1_80' title='bbox 1737 1506 1756 1540; x_wconf 92' lang='lat'><strong>,</strong></span> <span class='ocrx_word' id='word_1_81' title='bbox 1781 1455 2147 1543; x_wconf 88' lang='lat' dir='ltr'><strong>Bithynium</strong></span> <span class='ocrx_word' id='word_1_82' title='bbox 2178 1458 2204 1546; x_wconf 96' lang='lat'>(</span> <span class='ocrx_word' id='word_1_83' title='bbox 2231 1458 2433 1526; x_wconf 85' lang='lat' dir='ltr'><strong>Clau-</strong></span> 
     </span>
     <span class='ocr_line' id='line_1_11' title="bbox 396 1568 2434 1658; baseline 0 -21"><span class='ocrx_word' id='word_1_84' title='bbox 396 1568 677 1656; x_wconf 85' lang='lat' dir='ltr'><strong>diopolis.</strong></span> <span class='ocrx_word' id='word_1_85' title='bbox 706 1569 731 1651; x_wconf 92' lang='lat'>)</span> <span class='ocrx_word' id='word_1_86' title='bbox 765 1569 1195 1656; x_wconf 66' lang='lat' dir='ltr'><strong>Paphlagoniae</strong></span> <span class='ocrx_word' id='word_1_87' title='bbox 1224 1616 1243 1652; x_wconf 93' lang='lat'><strong>,</strong></span> <span class='ocrx_word' id='word_1_88' title='bbox 1294 1570 1455 1635; x_wconf 81' lang='lat' dir='ltr'><strong>inter</strong></span> <span class='ocrx_word' id='word_1_89' title='bbox 1512 1569 1870 1658; x_wconf 82' lang='lat' dir='ltr'><strong>Bithyniam</strong></span> <span class='ocrx_word' id='word_1_90' title='bbox 1920 1581 1982 1634; x_wconf 82' lang='lat' dir='ltr'><strong>et</strong></span> <span class='ocrx_word' id='word_1_91' title='bbox 2003 1574 2012 1581; x_wconf 75' lang='grc'><strong>”</strong></span> <span class='ocrx_word' id='word_1_92' title='bbox 2029 1571 2295 1637; x_wconf 87' lang='lat' dir='ltr'><strong>Pontum</strong></span> <span class='ocrx_word' id='word_1_93' title='bbox 2322 1621 2340 1658; x_wconf 90' lang='lat'><strong>,</strong></span> <span class='ocrx_word' id='word_1_94' title='bbox 2394 1598 2434 1643; x_wconf 84' lang='lat' dir='ltr'><strong>a</strong></span> 
     </span>
     <span class='ocr_line' id='line_1_12' title="bbox 398 1682 2435 1772; baseline 0.004 -24"><span class='ocrx_word' id='word_1_95' title='bbox 398 1683 731 1750; x_wconf 85' lang='lat' dir='ltr'><strong>Parthenio</strong></span> <span class='ocrx_word' id='word_1_96' title='bbox 770 1684 1030 1749; x_wconf 87' lang='lat' dir='ltr'><strong>flumine</strong></span> <span class='ocrx_word' id='word_1_97' title='bbox 1070 1682 1149 1749; x_wconf 91' lang='lat' dir='ltr'><strong>ad</strong></span> <span class='ocrx_word' id='word_1_98' title='bbox 1196 1685 1430 1772; x_wconf 80' lang='lat' dir='ltr'><strong>Halyn,</strong></span> <span class='ocrx_word' id='word_1_99' title='bbox 1473 1705 1652 1749; x_wconf 86' lang='lat' dir='ltr'><strong>mons</strong></span> <span class='ocrx_word' id='word_1_100' title='bbox 1697 1682 1967 1771; x_wconf 85' lang='lat' dir='ltr'><strong>Olgasis,</strong></span> <span class='ocrx_word' id='word_1_101' title='bbox 2016 1689 2435 1771; x_wconf 85' lang='lat' dir='ltr'><strong>promontoria</strong></span> 
     </span>
     <span class='ocr_line' id='line_1_13' title="bbox 382 1788 2434 1888; baseline 0.001 -24"><span class='ocrx_word' id='word_1_102' title='bbox 382 1794 719 1864; x_wconf 78' lang='lat' dir='ltr'><strong>Carambis</strong></span> <span class='ocrx_word' id='word_1_103' title='bbox 747 1808 807 1863; x_wconf 87' lang='lat' dir='ltr'><strong>et</strong></span> <span class='ocrx_word' id='word_1_104' title='bbox 843 1796 1219 1885; x_wconf 86' lang='lat' dir='ltr'><strong>Zephyrium</strong></span> <span class='ocrx_word' id='word_1_105' title='bbox 1244 1847 1263 1882; x_wconf 92' lang='lat'><strong>,</strong></span> <span class='ocrx_word' id='word_1_106' title='bbox 1300 1798 1486 1863; x_wconf 88' lang='lat' dir='ltr'><strong>urbes</strong></span> <span class='ocrx_word' id='word_1_107' title='bbox 1526 1799 1596 1862; x_wconf 91' lang='lat' dir='ltr'><strong>in</strong></span> <span class='ocrx_word' id='word_1_108' title='bbox 1625 1819 1732 1863; x_wconf 89' lang='lat' dir='ltr'><strong>ora</strong></span> <span class='ocrx_word' id='word_1_109' title='bbox 1781 1797 2008 1884; x_wconf 85' lang='lat' dir='ltr'><strong>Sinope</strong></span> <span class='ocrx_word' id='word_1_110' title='bbox 2029 1845 2047 1881; x_wconf 93' lang='lat'><strong>,</strong></span> <span class='ocrx_word' id='word_1_111' title='bbox 2080 1788 2391 1866; x_wconf 67' lang='lat' dir='ltr'><strong>Harmene</strong></span> <span class='ocrx_word' id='word_1_112' title='bbox 2414 1850 2434 1888; x_wconf 93' lang='lat'><strong>,</strong></span> 
     </span>
     <span class='ocr_line' id='line_1_14' title="bbox 404 1910 2432 1999; baseline 0.001 -22"><span class='ocrx_word' id='word_1_113' title='bbox 404 1911 696 1996; x_wconf 89' lang='lat' dir='ltr'><strong>Limotis,</strong></span> <span class='ocrx_word' id='word_1_114' title='bbox 724 1912 1059 1996; x_wconf 85' lang='lat' dir='ltr'><strong>Amastris,</strong></span> <span class='ocrx_word' id='word_1_115' title='bbox 1109 1911 1401 1999; x_wconf 86' lang='lat' dir='ltr'><strong>Cytorum</strong></span> <span class='ocrx_word' id='word_1_116' title='bbox 1426 1961 1445 1995; x_wconf 86' lang='lat'><strong>,</strong></span> <span class='ocrx_word' id='word_1_117' title='bbox 1473 1912 1735 1976; x_wconf 80' lang='lat' dir='ltr'><strong>interius</strong></span> <span class='ocrx_word' id='word_1_118' title='bbox 1758 1910 2206 1998; x_wconf 86' lang='lat' dir='ltr'><strong>Pompejopolis</strong></span> <span class='ocrx_word' id='word_1_119' title='bbox 2228 1963 2245 1997; x_wconf 90' lang='lat'><strong>,</strong></span> <span class='ocrx_word' id='word_1_120' title='bbox 2266 1914 2432 1980; x_wconf 88' lang='lat' dir='ltr'><strong>Ger-</strong></span> 
     </span>
     <span class='ocr_line' id='line_1_15' title="bbox 406 2022 2490 2114; baseline 0.001 -24"><span class='ocrx_word' id='word_1_121' title='bbox 406 2026 806 2112; x_wconf 82' lang='lat' dir='ltr'><strong>manicopolis</strong></span> <span class='ocrx_word' id='word_1_122' title='bbox 832 2073 851 2108; x_wconf 91' lang='lat'><strong>,</strong></span> <span class='ocrx_word' id='word_1_123' title='bbox 874 2026 1129 2112; x_wconf 87' lang='lat' dir='ltr'><strong>Sangra.</strong></span> <span class='ocrx_word' id='word_1_124' title='bbox 1157 2024 1412 2091; x_wconf 80' lang='lat' dir='ltr'><strong>Galatiae</strong></span> <span class='ocrx_word' id='word_1_125' title='bbox 1436 2022 1905 2114; x_wconf 69' lang='lat' dir='ltr'><strong>(Gallo-Graecia</strong></span> <span class='ocrx_word' id='word_1_126' title='bbox 1924 2071 1942 2106; x_wconf 91' lang='lat'><strong>,</strong></span> <span class='ocrx_word' id='word_1_127' title='bbox 1975 2045 2113 2110; x_wconf 90' lang='lat' dir='ltr'><strong>pars</strong></span> <span class='ocrx_word' id='word_1_128' title='bbox 2154 2023 2440 2113; x_wconf 81' lang='lat' dir='ltr'><strong>Phrygiae</strong></span> <span class='ocrx_word' id='word_1_129' title='bbox 2485 2036 2490 2047; x_wconf 81' lang='lat'>&#39;</span> 
     </span>
     <span class='ocr_line' id='line_1_16' title="bbox 408 2134 2444 2226; baseline -0 -20"><span class='ocrx_word' id='word_1_130' title='bbox 408 2139 704 2226; x_wconf 85' lang='lat' dir='ltr'><strong>majoris)</strong></span> <span class='ocrx_word' id='word_1_131' title='bbox 747 2140 1012 2205; x_wconf 86' lang='lat' dir='ltr'><strong>flumina</strong></span> <span class='ocrx_word' id='word_1_132' title='bbox 1048 2139 1234 2225; x_wconf 83' lang='lat' dir='ltr'><strong>Halys</strong></span> <span class='ocrx_word' id='word_1_133' title='bbox 1271 2148 1332 2202; x_wconf 82' lang='lat' dir='ltr'><strong>et</strong></span> <span class='ocrx_word' id='word_1_134' title='bbox 1372 2137 1741 2222; x_wconf 82' lang='lat' dir='ltr'><strong>Sangarius,</strong></span> <span class='ocrx_word' id='word_1_135' title='bbox 1768 2146 2007 2200; x_wconf 88' lang='lat' dir='ltr'><strong>montes</strong></span> <span class='ocrx_word' id='word_1_136' title='bbox 2060 2134 2361 2224; x_wconf 79' lang='lat' dir='ltr'><strong>Olympus</strong></span> <span class='ocrx_word' id='word_1_137' title='bbox 2381 2152 2444 2205; x_wconf 82' lang='lat' dir='ltr'><strong>et</strong></span> 
     </span>
     <span class='ocr_line' id='line_1_17' title="bbox 410 2248 2445 2340; baseline 0 -22"><span class='ocrx_word' id='word_1_138' title='bbox 410 2253 764 2340; x_wconf 83' lang='lat' dir='ltr'><strong>Dindymus</strong></span> <span class='ocrx_word' id='word_1_139' title='bbox 786 2276 804 2334; x_wconf 91' lang='lat'>;</span> <span class='ocrx_word' id='word_1_140' title='bbox 826 2253 894 2317; x_wconf 91' lang='lat' dir='ltr'><strong>in</strong></span> <span class='ocrx_word' id='word_1_141' title='bbox 925 2253 1169 2338; x_wconf 86' lang='lat' dir='ltr'><strong>populis</strong></span> <span class='ocrx_word' id='word_1_142' title='bbox 1203 2253 1561 2336; x_wconf 86' lang='lat' dir='ltr'><strong>Tectosages</strong></span> <span class='ocrx_word' id='word_1_143' title='bbox 1590 2297 1609 2334; x_wconf 94' lang='lat'><strong>,</strong></span> <span class='ocrx_word' id='word_1_144' title='bbox 1651 2250 1837 2314; x_wconf 87' lang='lat' dir='ltr'><strong>urbes</strong></span> <span class='ocrx_word' id='word_1_145' title='bbox 1857 2248 2170 2335; x_wconf 88' lang='lat' dir='ltr'><strong>Pessinus,</strong></span> <span class='ocrx_word' id='word_1_146' title='bbox 2199 2251 2445 2340; x_wconf 82' lang='lat' dir='ltr'><strong>Ancyra</strong></span> 
     </span>
     <span class='ocr_line' id='line_1_18' title="bbox 411 2363 1458 2455; baseline -0.002 -22"><span class='ocrx_word' id='word_1_147' title='bbox 411 2363 791 2455; x_wconf 77' lang='lat' dir='ltr'><strong>(Anqura)</strong></span> <span class='ocrx_word' id='word_1_148' title='bbox 820 2411 845 2442; x_wconf 88' lang='lat'><em>‚</em></span> <span class='ocrx_word' id='word_1_149' title='bbox 868 2366 1126 2430; x_wconf 69' lang='lat' dir='ltr'><strong>Tarium</strong></span> <span class='ocrx_word' id='word_1_150' title='bbox 1149 2412 1167 2448; x_wconf 91' lang='lat'><strong>,</strong></span> <span class='ocrx_word' id='word_1_151' title='bbox 1196 2363 1458 2450; x_wconf 81' lang='lat' dir='ltr'><strong>Aspona.</strong></span> 
     </span>
    </p>

    <p class='ocr_par' dir='ltr' id='par_1_4' title="bbox 413 2477 2465 4184">
     <span class='ocr_line' id='line_1_19' title="bbox 511 2477 2440 2574; baseline 0.006 -31"><span class='ocrx_word' id='word_1_152' title='bbox 511 2482 617 2546; x_wconf 87' lang='grc'><strong>29.</strong></span> <span class='ocrx_word' id='word_1_153' title='bbox 647 2477 745 2543; x_wconf 86' lang='lat' dir='ltr'><strong>Ad</strong></span> <span class='ocrx_word' id='word_1_154' title='bbox 768 2478 1048 2544; x_wconf 86' lang='lat' dir='ltr'><strong>Ciliciam</strong></span> <span class='ocrx_word' id='word_1_155' title='bbox 1068 2480 1422 2544; x_wconf 85' lang='lat' dir='ltr'><strong>referuntur</strong></span> <span class='ocrx_word' id='word_1_156' title='bbox 1441 2478 1654 2545; x_wconf 87' lang='lat' dir='ltr'><strong>Cilicia</strong></span> <span class='ocrx_word' id='word_1_157' title='bbox 1679 2492 1846 2548; x_wconf 86' lang='lat' dir='ltr'><strong>trans</strong></span> <span class='ocrx_word' id='word_1_158' title='bbox 1867 2483 2141 2549; x_wconf 91' lang='lat' dir='ltr'><strong>Taurum</strong></span> <span class='ocrx_word' id='word_1_159' title='bbox 2155 2533 2173 2570; x_wconf 89' lang='lat'><strong>,</strong></span> <span class='ocrx_word' id='word_1_160' title='bbox 2195 2484 2440 2574; x_wconf 89' lang='lat' dir='ltr'><strong>Lycao-</strong></span> 
     </span>
     <span class='ocr_line' id='line_1_20' title="bbox 413 2591 2450 2683; baseline 0.002 -20"><span class='ocrx_word' id='word_1_161' title='bbox 413 2595 559 2679; x_wconf 87' lang='lat' dir='ltr'><strong>nia,</strong></span> <span class='ocrx_word' id='word_1_162' title='bbox 580 2591 974 2681; x_wconf 87' lang='lat' dir='ltr'><strong>Pamphylia,</strong></span> <span class='ocrx_word' id='word_1_163' title='bbox 1003 2591 1265 2678; x_wconf 87' lang='lat' dir='ltr'><strong>Pisidia,</strong></span> <span class='ocrx_word' id='word_1_164' title='bbox 1298 2594 1564 2679; x_wconf 89' lang='lat' dir='ltr'><strong>Isauria,</strong></span> <span class='ocrx_word' id='word_1_165' title='bbox 1589 2595 1793 2683; x_wconf 85' lang='lat' dir='ltr'><strong>Lycia.</strong></span> <span class='ocrx_word' id='word_1_166' title='bbox 1822 2595 2056 2662; x_wconf 82' lang='lat' dir='ltr'><strong>Ciliciae</strong></span> <span class='ocrx_word' id='word_1_167' title='bbox 2091 2610 2258 2664; x_wconf 68' lang='lat' dir='ltr'><strong>trans</strong></span> <span class='ocrx_word' id='word_1_168' title='bbox 2281 2602 2450 2668; x_wconf 90' lang='lat' dir='ltr'><strong>Tau-</strong></span> 
     </span>
     <span class='ocr_line' id='line_1_21' title="bbox 422 2705 2441 2798; baseline 0.002 -23"><span class='ocrx_word' id='word_1_169' title='bbox 422 2731 570 2775; x_wconf 85' lang='lat' dir='ltr'><strong>rum</strong></span> <span class='ocrx_word' id='word_1_170' title='bbox 611 2718 812 2796; x_wconf 87' lang='lat' dir='ltr'><strong>partes</strong></span> <span class='ocrx_word' id='word_1_171' title='bbox 848 2707 1049 2794; x_wconf 77' lang='lat' dir='ltr'><strong>prima</strong></span> <span class='ocrx_word' id='word_1_172' title='bbox 1092 2729 1149 2774; x_wconf 79' lang='lat' dir='ltr'><strong>v,</strong></span> <span class='ocrx_word' id='word_1_173' title='bbox 1201 2729 1411 2793; x_wconf 88' lang='lat' dir='ltr'><strong>aspera</strong></span> <span class='ocrx_word' id='word_1_174' title='bbox 1447 2705 1771 2796; x_wconf 61' lang='lat' dir='ltr'><strong>(ep-xcix)</strong></span> <span class='ocrx_word' id='word_1_175' title='bbox 1799 2755 1817 2792; x_wconf 92' lang='lat'><strong>,</strong></span> <span class='ocrx_word' id='word_1_176' title='bbox 1864 2731 2005 2796; x_wconf 82' lang='lat' dir='ltr'><strong>quae</strong></span> <span class='ocrx_word' id='word_1_177' title='bbox 2051 2722 2184 2798; x_wconf 89' lang='lat' dir='ltr'><strong>post</strong></span> <span class='ocrx_word' id='word_1_178' title='bbox 2205 2713 2441 2781; x_wconf 88' lang='lat' dir='ltr'><strong>Isauria</strong></span> 
     </span>
     <span class='ocr_line' id='line_1_22' title="bbox 426 2803 2443 2916; baseline 0.001 -24"><span class='ocrx_word' id='word_1_179' title='bbox 426 2823 622 2908; x_wconf 79' lang='lat' dir='ltr'><strong>dicta,</strong></span> <span class='ocrx_word' id='word_1_180' title='bbox 650 2836 713 2891; x_wconf 89' lang='lat' dir='ltr'><strong>et</strong></span> <span class='ocrx_word' id='word_1_181' title='bbox 734 2822 1002 2890; x_wconf 87' lang='lat' dir='ltr'><strong>secunda</strong></span> <span class='ocrx_word' id='word_1_182' title='bbox 1024 2846 1082 2890; x_wconf 76' lang='lat' dir='ltr'><strong>v·</strong></span> <span class='ocrx_word' id='word_1_183' title='bbox 1112 2803 1466 2911; x_wconf 82' lang='lat' dir='ltr'><strong>campestris</strong></span> <span class='ocrx_word' id='word_1_184' title='bbox 1491 2846 1509 2904; x_wconf 91' lang='lat'>;</span> <span class='ocrx_word' id='word_1_185' title='bbox 1534 2823 1798 2889; x_wconf 85' lang='lat' dir='ltr'><strong>flumina</strong></span> <span class='ocrx_word' id='word_1_186' title='bbox 1826 2825 2244 2912; x_wconf 85' lang='lat' dir='ltr'><strong>Calycadnus,</strong></span> <span class='ocrx_word' id='word_1_187' title='bbox 2276 2827 2443 2916; x_wconf 76' lang='lat' dir='ltr'><strong>cyd—</strong></span> 
     </span>
     <span class='ocr_line' id='line_1_23' title="bbox 427 2931 2455 3029; baseline 0 -23"><span class='ocrx_word' id='word_1_188' title='bbox 427 2961 552 3006; x_wconf 85' lang='lat' dir='ltr'><strong>nus</strong></span> <span class='ocrx_word' id='word_1_189' title='bbox 571 2989 590 3024; x_wconf 93' lang='lat'><strong>,</strong></span> <span class='ocrx_word' id='word_1_190' title='bbox 616 2940 911 3027; x_wconf 87' lang='lat' dir='ltr'><strong>Pyramus</strong></span> <span class='ocrx_word' id='word_1_191' title='bbox 931 2990 950 3025; x_wconf 93' lang='lat'><strong>,</strong></span> <span class='ocrx_word' id='word_1_192' title='bbox 981 2940 1271 3024; x_wconf 88' lang='lat' dir='ltr'><strong>Pinarus,</strong></span> <span class='ocrx_word' id='word_1_193' title='bbox 1295 2948 1533 3004; x_wconf 87' lang='lat' dir='ltr'><strong>montes</strong></span> <span class='ocrx_word' id='word_1_194' title='bbox 1555 2931 1814 3024; x_wconf 85' lang='lat' dir='ltr'><strong>Cragus,</strong></span> <span class='ocrx_word' id='word_1_195' title='bbox 1842 2938 2119 3024; x_wconf 90' lang='lat' dir='ltr'><strong>Taurus,</strong></span> <span class='ocrx_word' id='word_1_196' title='bbox 2144 2941 2420 3007; x_wconf 86' lang='lat' dir='ltr'><strong>Amanus</strong></span> <span class='ocrx_word' id='word_1_197' title='bbox 2436 2994 2455 3029; x_wconf 90' lang='lat'><strong>,</strong></span> 
     </span>
     <span class='ocr_line' id='line_1_24' title="bbox 430 3047 2455 3141; baseline 0 -21"><span class='ocrx_word' id='word_1_198' title='bbox 430 3054 618 3122; x_wconf 83' lang='lat' dir='ltr'><strong>urbes</strong></span> <span class='ocrx_word' id='word_1_199' title='bbox 641 3055 709 3119; x_wconf 92' lang='lat' dir='ltr'><strong>in</strong></span> <span class='ocrx_word' id='word_1_200' title='bbox 729 3078 836 3121; x_wconf 91' lang='lat' dir='ltr'><strong>ora</strong></span> <span class='ocrx_word' id='word_1_201' title='bbox 856 3056 1020 3119; x_wconf 86' lang='lat' dir='ltr'><strong>Issus</strong></span> <span class='ocrx_word' id='word_1_202' title='bbox 1041 3103 1059 3137; x_wconf 93' lang='lat'><strong>,</strong></span> <span class='ocrx_word' id='word_1_203' title='bbox 1099 3054 1226 3118; x_wconf 90' lang='lat' dir='ltr'><strong>Soli</strong></span> <span class='ocrx_word' id='word_1_204' title='bbox 1257 3047 1790 3140; x_wconf 83' lang='lat' dir='ltr'><strong>(Pompejopolis)</strong></span> <span class='ocrx_word' id='word_1_205' title='bbox 1826 3099 1844 3135; x_wconf 94' lang='lat'><strong>,</strong></span> <span class='ocrx_word' id='word_1_206' title='bbox 1881 3052 2089 3116; x_wconf 83' lang='lat' dir='ltr'><strong>Mallos</strong></span> <span class='ocrx_word' id='word_1_207' title='bbox 2115 3101 2132 3136; x_wconf 86' lang='lat'><strong>,</strong></span> <span class='ocrx_word' id='word_1_208' title='bbox 2188 3054 2412 3120; x_wconf 86' lang='lat' dir='ltr'><strong>Tarsus</strong></span> <span class='ocrx_word' id='word_1_209' title='bbox 2435 3104 2455 3141; x_wconf 90' lang='lat'><strong>,</strong></span> 
     </span>
     <span class='ocr_line' id='line_1_25' title="bbox 432 3163 2455 3254; baseline -0.001 -22"><span class='ocrx_word' id='word_1_210' title='bbox 432 3166 693 3232; x_wconf 84' lang='lat' dir='ltr'><strong>interius</strong></span> <span class='ocrx_word' id='word_1_211' title='bbox 733 3167 1086 3232; x_wconf 83' lang='lat' dir='ltr'><strong>Anazarbus</strong></span> <span class='ocrx_word' id='word_1_212' title='bbox 1127 3163 1488 3254; x_wconf 82' lang='lat' dir='ltr'><strong>(Caesarea)</strong></span> <span class='ocrx_word' id='word_1_213' title='bbox 1517 3212 1534 3248; x_wconf 91' lang='lat'><strong>,</strong></span> <span class='ocrx_word' id='word_1_214' title='bbox 1572 3163 1913 3250; x_wconf 89' lang='lat' dir='ltr'><strong>Epiphania</strong></span> <span class='ocrx_word' id='word_1_215' title='bbox 1938 3214 1956 3247; x_wconf 91' lang='lat'><strong>,</strong></span> <span class='ocrx_word' id='word_1_216' title='bbox 1991 3166 2296 3251; x_wconf 88' lang='lat' dir='ltr'><strong>Nicopolis</strong></span> <span class='ocrx_word' id='word_1_217' title='bbox 2318 3216 2336 3250; x_wconf 91' lang='lat'><strong>,</strong></span> <span class='ocrx_word' id='word_1_218' title='bbox 2387 3168 2455 3236; x_wconf 84' lang='lat' dir='ltr'><strong>in</strong></span> 
     </span>
     <span class='ocr_line' id='line_1_26' title="bbox 438 3275 2453 3366; baseline -0 -21"><span class='ocrx_word' id='word_1_219' title='bbox 438 3300 548 3345; x_wconf 89' lang='lat' dir='ltr'><strong>ora</strong></span> <span class='ocrx_word' id='word_1_220' title='bbox 582 3279 862 3345; x_wconf 70' lang='lat' dir='ltr'><strong>tracheoe</strong></span> <span class='ocrx_word' id='word_1_221' title='bbox 910 3278 1154 3343; x_wconf 89' lang='lat' dir='ltr'><strong>Selinus</strong></span> <span class='ocrx_word' id='word_1_222' title='bbox 1179 3324 1197 3360; x_wconf 91' lang='lat'><strong>,</strong></span> <span class='ocrx_word' id='word_1_223' title='bbox 1251 3276 1667 3342; x_wconf 84' lang='lat' dir='ltr'><strong>Anemurium</strong></span> <span class='ocrx_word' id='word_1_224' title='bbox 1689 3324 1707 3361; x_wconf 91' lang='lat'><strong>,</strong></span> <span class='ocrx_word' id='word_1_225' title='bbox 1760 3275 2037 3342; x_wconf 88' lang='lat' dir='ltr'><strong>Arsinoe.</strong></span> <span class='ocrx_word' id='word_1_226' title='bbox 2097 3277 2416 3364; x_wconf 80' lang='lat' dir='ltr'><strong>Lycaoniae</strong></span> <span class='ocrx_word' id='word_1_227' title='bbox 2435 3330 2453 3366; x_wconf 90' lang='lat'><strong>,</strong></span> 
     </span>
     <span class='ocr_line' id='line_1_27' title="bbox 431 3390 2456 3482; baseline 0 -24"><span class='ocrx_word' id='word_1_228' title='bbox 431 3393 598 3458; x_wconf 87' lang='lat' dir='ltr'><strong>inter</strong></span> <span class='ocrx_word' id='word_1_229' title='bbox 644 3392 976 3482; x_wconf 87' lang='lat' dir='ltr'><strong>Phrygiam</strong></span> <span class='ocrx_word' id='word_1_230' title='bbox 997 3401 1060 3456; x_wconf 88' lang='lat' dir='ltr'><strong>et</strong></span> <span class='ocrx_word' id='word_1_231' title='bbox 1104 3390 1546 3476; x_wconf 86' lang='lat' dir='ltr'><strong>Cappadociam</strong></span> <span class='ocrx_word' id='word_1_232' title='bbox 1575 3440 1593 3475; x_wconf 92' lang='lat'><strong>,</strong></span> <span class='ocrx_word' id='word_1_233' title='bbox 1628 3392 1813 3468; x_wconf 86' lang='lat' dir='ltr'><strong>urbes</strong></span> <span class='ocrx_word' id='word_1_234' title='bbox 1854 3391 2137 3456; x_wconf 89' lang='lat' dir='ltr'><strong>Iconium</strong></span> <span class='ocrx_word' id='word_1_235' title='bbox 2163 3441 2180 3474; x_wconf 92' lang='lat'><strong>,</strong></span> <span class='ocrx_word' id='word_1_236' title='bbox 2220 3393 2456 3458; x_wconf 82' lang='lat' dir='ltr'><strong>Laodi-</strong></span> 
     </span>
     <span class='ocr_line' id='line_1_28' title="bbox 434 3502 2457 3593; baseline 0 -20"><span class='ocrx_word' id='word_1_237' title='bbox 434 3529 546 3574; x_wconf 86' lang='lat' dir='ltr'><strong>cea</strong></span> <span class='ocrx_word' id='word_1_238' title='bbox 567 3508 882 3573; x_wconf 88' lang='lat' dir='ltr'><strong>combusta</strong></span> <span class='ocrx_word' id='word_1_239' title='bbox 905 3554 923 3590; x_wconf 91' lang='lat'><strong>,</strong></span> <span class='ocrx_word' id='word_1_240' title='bbox 961 3502 1386 3589; x_wconf 86' lang='lat' dir='ltr'><strong>Claudiopolis.</strong></span> <span class='ocrx_word' id='word_1_241' title='bbox 1425 3503 1804 3593; x_wconf 63' lang='lat' dir='ltr'><strong>Pamphyliae</strong></span> <span class='ocrx_word' id='word_1_242' title='bbox 1850 3504 2023 3568; x_wconf 80' lang='lat' dir='ltr'><strong>fluvii</strong></span> <span class='ocrx_word' id='word_1_243' title='bbox 2062 3504 2457 3591; x_wconf 78' lang='lat' dir='ltr'><strong>Eurymedon</strong></span> 
     </span>
     <span class='ocr_line' id='line_1_29' title="bbox 434 3615 2449 3707; baseline -0.001 -19"><span class='ocrx_word' id='word_1_244' title='bbox 434 3632 500 3688; x_wconf 87' lang='lat' dir='ltr'><strong>et</strong></span> <span class='ocrx_word' id='word_1_245' title='bbox 515 3628 852 3688; x_wconf 85' lang='lat' dir='ltr'><strong>Cataractes</strong></span> <span class='ocrx_word' id='word_1_246' title='bbox 871 3669 888 3705; x_wconf 91' lang='lat'><strong>,</strong></span> <span class='ocrx_word' id='word_1_247' title='bbox 909 3641 1087 3684; x_wconf 82' lang='lat' dir='ltr'><strong>mons</strong></span> <span class='ocrx_word' id='word_1_248' title='bbox 1102 3618 1339 3683; x_wconf 91' lang='lat' dir='ltr'><strong>Taurus</strong></span> <span class='ocrx_word' id='word_1_249' title='bbox 1360 3666 1379 3703; x_wconf 92' lang='lat'><strong>,</strong></span> <span class='ocrx_word' id='word_1_250' title='bbox 1401 3618 1584 3683; x_wconf 86' lang='lat' dir='ltr'><strong>urbes</strong></span> <span class='ocrx_word' id='word_1_251' title='bbox 1604 3619 1672 3683; x_wconf 92' lang='lat' dir='ltr'><strong>in</strong></span> <span class='ocrx_word' id='word_1_252' title='bbox 1694 3619 1788 3683; x_wconf 81' lang='lat' dir='ltr'><strong>vel</strong></span> <span class='ocrx_word' id='word_1_253' title='bbox 1812 3638 1998 3703; x_wconf 88' lang='lat' dir='ltr'><strong>prope</strong></span> <span class='ocrx_word' id='word_1_254' title='bbox 2034 3639 2206 3682; x_wconf 88' lang='lat' dir='ltr'><strong>oram</strong></span> <span class='ocrx_word' id='word_1_255' title='bbox 2231 3615 2410 3686; x_wconf 85' lang='lat' dir='ltr'><strong>Olbia</strong></span> <span class='ocrx_word' id='word_1_256' title='bbox 2431 3673 2449 3707; x_wconf 89' lang='lat'>‚</span> 
     </span>
     <span class='ocr_line' id='line_1_30' title="bbox 438 3730 2452 3824; baseline -0.007 -20"><span class='ocrx_word' id='word_1_257' title='bbox 438 3737 679 3804; x_wconf 81' lang='lat' dir='ltr'><strong>Attalea</strong></span> <span class='ocrx_word' id='word_1_258' title='bbox 705 3786 722 3822; x_wconf 91' lang='lat'><strong>,</strong></span> <span class='ocrx_word' id='word_1_259' title='bbox 757 3738 987 3824; x_wconf 88' lang='lat' dir='ltr'><strong>Perga,</strong></span> <span class='ocrx_word' id='word_1_260' title='bbox 1006 3732 1321 3821; x_wconf 87' lang='lat' dir='ltr'><strong>Aspendos</strong></span> <span class='ocrx_word' id='word_1_261' title='bbox 1344 3782 1363 3819; x_wconf 94' lang='lat'><strong>,</strong></span> <span class='ocrx_word' id='word_1_262' title='bbox 1394 3731 1560 3799; x_wconf 90' lang='lat' dir='ltr'><strong>Side.</strong></span> <span class='ocrx_word' id='word_1_263' title='bbox 1603 3730 1845 3797; x_wconf 83' lang='lat' dir='ltr'><strong>Pisidiae</strong></span> <span class='ocrx_word' id='word_1_264' title='bbox 1870 3779 1889 3814; x_wconf 89' lang='lat'>‚</span> <span class='ocrx_word' id='word_1_265' title='bbox 1918 3752 2101 3816; x_wconf 88' lang='lat' dir='ltr'><strong>supra</strong></span> <span class='ocrx_word' id='word_1_266' title='bbox 2130 3731 2452 3823; x_wconf 72' lang='lat' dir='ltr'><strong>Pamphy..</strong></span> 
     </span>
     <span class='ocr_line' id='line_1_31' title="bbox 438 3843 2460 3939; baseline -0.001 -23"><span class='ocrx_word' id='word_1_267' title='bbox 438 3851 590 3918; x_wconf 86' lang='lat' dir='ltr'><strong>liam</strong></span> <span class='ocrx_word' id='word_1_268' title='bbox 613 3900 632 3935; x_wconf 94' lang='lat'><strong>,</strong></span> <span class='ocrx_word' id='word_1_269' title='bbox 663 3867 800 3939; x_wconf 77' lang='lat' dir='ltr'><strong>pars</strong></span> <span class='ocrx_word' id='word_1_270' title='bbox 830 3851 898 3916; x_wconf 89' lang='lat' dir='ltr'><strong>in</strong></span> <span class='ocrx_word' id='word_1_271' title='bbox 946 3850 1144 3916; x_wconf 85' lang='lat' dir='ltr'><strong>Tauro</strong></span> <span class='ocrx_word' id='word_1_272' title='bbox 1165 3875 1188 3936; x_wconf 77' lang='lat'>3</span> <span class='ocrx_word' id='word_1_273' title='bbox 1212 3852 1280 3917; x_wconf 91' lang='lat' dir='ltr'><strong>in</strong></span> <span class='ocrx_word' id='word_1_274' title='bbox 1313 3846 1557 3935; x_wconf 86' lang='lat' dir='ltr'><strong>populis</strong></span> <span class='ocrx_word' id='word_1_275' title='bbox 1594 3844 1868 3933; x_wconf 86' lang='lat' dir='ltr'><strong>Solymi,</strong></span> <span class='ocrx_word' id='word_1_276' title='bbox 1896 3844 1963 3907; x_wconf 92' lang='lat' dir='ltr'><strong>in</strong></span> <span class='ocrx_word' id='word_1_277' title='bbox 1992 3843 2460 3935; x_wconf 86' lang='lat' dir='ltr'><strong>oppidis&#39;Saga—</strong></span> 
     </span>
     <span class='ocr_line' id='line_1_32' title="bbox 437 3957 2458 4052; baseline -0.002 -21"><span class='ocrx_word' id='word_1_278' title='bbox 437 3968 633 4032; x_wconf 73' lang='lat' dir='ltr'><strong>lassus</strong></span> <span class='ocrx_word' id='word_1_279' title='bbox 656 4015 675 4050; x_wconf 93' lang='lat'><strong>,</strong></span> <span class='ocrx_word' id='word_1_280' title='bbox 718 3966 1015 4050; x_wconf 88' lang='lat' dir='ltr'><strong>Cremna,</strong></span> <span class='ocrx_word' id='word_1_281' title='bbox 1059 3966 1239 4052; x_wconf 87' lang='lat' dir='ltr'><strong>Selga</strong></span> <span class='ocrx_word' id='word_1_282' title='bbox 1264 4015 1282 4051; x_wconf 91' lang='lat'><strong>,</strong></span> <span class='ocrx_word' id='word_1_283' title='bbox 1326 3964 1698 4030; x_wconf 84' lang='lat' dir='ltr'><strong>Termessus.</strong></span> <span class='ocrx_word' id='word_1_284' title='bbox 1746 3957 1995 4024; x_wconf 85' lang='lat' dir='ltr'><strong>Isauriae</strong></span> <span class='ocrx_word' id='word_1_285' title='bbox 2021 4006 2039 4041; x_wconf 91' lang='lat'><strong>,</strong></span> <span class='ocrx_word' id='word_1_286' title='bbox 2084 3980 2265 4045; x_wconf 88' lang='lat' dir='ltr'><strong>supra</strong></span> <span class='ocrx_word' id='word_1_287' title='bbox 2294 3961 2458 4026; x_wconf 86' lang='lat' dir='ltr'><strong>Pisi-—</strong></span> 
     </span>
     <span class='ocr_line' id='line_1_33' title="bbox 441 4071 2465 4184; baseline -0.003 -37"><span class='ocrx_word' id='word_1_288' title='bbox 441 4081 610 4184; x_wconf 67' lang='lat' dir='ltr'><strong>diam</strong></span> <span class='ocrx_word' id='word_1_289' title='bbox 638 4129 656 4166; x_wconf 91' lang='lat'><strong>,</strong></span> <span class='ocrx_word' id='word_1_290' title='bbox 693 4081 904 4148; x_wconf 89' lang='lat' dir='ltr'><strong>Isaura</strong></span> <span class='ocrx_word' id='word_1_291' title='bbox 949 4077 1269 4169; x_wconf 86' lang='lat' dir='ltr'><strong>(Isaurus)</strong></span> <span class='ocrx_word' id='word_1_292' title='bbox 1297 4129 1315 4165; x_wconf 87' lang='lat'><strong>,</strong></span> <span class='ocrx_word' id='word_1_293' title='bbox 1349 4088 1441 4163; x_wconf 81' lang='lat' dir='ltr'><strong>et,</strong></span> <span class='ocrx_word' id='word_1_294' title='bbox 1466 4073 1545 4144; x_wconf 88' lang='lat' dir='ltr'><strong>ad</strong></span> <span class='ocrx_word' id='word_1_295' title='bbox 1568 4071 1931 4163; x_wconf 86' lang='lat' dir='ltr'><strong>Lycaoniam</strong></span> <span class='ocrx_word' id='word_1_296' title='bbox 1954 4092 2200 4160; x_wconf 82' lang='lat' dir='ltr'><strong>quoque</strong></span> <span class='ocrx_word' id='word_1_297' title='bbox 2227 4073 2465 4158; x_wconf 77' lang='lat' dir='ltr'><strong>relatae,</strong></span> 
     </span>
    </p>

    <p class='ocr_par' dir='ltr' id='par_1_5' title="bbox 2099 4188 2134 4244">
     <span class='ocr_line' id='line_1_34' title="bbox 2099 4188 2134 4244; baseline 0 0"><span class='ocrx_word' id='word_1_298' title='bbox 2099 4188 2134 4244; x_wconf 80' lang='lat'><strong>4</strong></span> 
     </span>
    </p>
   </div>
  </div>
 </body>
</html>
