3111 4829
1291 380 1315 462 (
1358 378 1434 439 81
1480 377 1503 460 )

383 523 593 579 autem
627 512 763 597 jam
794 511 861 574 in
891 510 1084 575 libera
1110 511 1352 575 civitate
1379 510 1710 576 constituta
1760 508 1839 597 4)
1866 534 1884 577 ε
1925 532 2064 598 quae
2087 524 2158 579 ut
2182 532 2410 578 conse-

385 637 725 715 querentur
753 624 1049 711 adoptatis
1088 624 1336 709 liberis,
1368 624 1553 687 multi
1594 622 1852 710 quidem
1892 626 2320 691 fraudulenter
2349 638 2410 691 et

386 737 737 826 turpissime
766 720 1114 802 efficiebant
1153 733 1276 824 5);
1315 736 1482 801 unde
1522 735 1688 822 apud
1734 734 2047 822 Tacitum,
2096 740 2243 822 XV,
2288 744 2370 804 19
2396 790 2412 823 ,

387 864 632 919 senatus
685 840 1077 935 consultum3
1126 873 1207 914 m
1261 850 1589 915 simulata
1632 850 1897 938 adoptio
1932 855 2006 915 in
2051 853 2198 917 ulla
2221 866 2416 940 parce

385 970 685 1033 muneris
704 967 966 1055 publici
992 967 1285 1054 juvaret.
1332 965 1410 1029 In
1451 965 1687 1029 caeteris
1717 966 1915 1033 causis
1942 978 2185 1053 ponunt
2213 967 2420 1031 tribu·—

391 1092 609 1147 natum
637 1081 736 1172 (§.
768 1076 921 1167 81.)

460 1243 525 1309 1)
556 1245 619 1293 V.
643 1243 770 1292 Gen.
793 1243 855 1307 5,·
881 1242 962 1294 19.
986 1238 1125 1307 —2)
1152 1240 1197 1311 ς.
1220 1238 1469 1306 ⁷2.-3)
1493 1236 1798 1304 V.nein.1,
1828 1241 1919 1305 11,
1947 1237 1996 1291 1.
2020 1270 2080 1280 -
2103 1233 2164 1307 4)
2185 1244 2247 1292 V.
2268 1244 2415 1293 Hein.

395 1334 420 1384 1
442 1370 459 1399 ‚
486 1333 583 1400 11,
606 1335 658 1385 2.
682 1334 759 1385 Cf.
782 1336 992 1399 August.
1016 1335 1077 1383 do
1096 1334 1281 1398 Leqq„
1304 1334 1359 1381 in
1381 1332 1536 1385 Thes.
1557 1333 1723 1383 Groev.
1747 1346 1798 1382 v.
1817 1332 1868 1381 2.
1893 1348 1947 1397 p.
1966 1332 2082 1383 227.
2101 1333 2250 1399 —5)
2273 1335 2420 1385 Helu.

390 1425 500 1475 Lo.

438 1646 451 1657 „
488 1569 597 1630 89.
647 1563 1006 1650 Adoptionis
1052 1564 1170 1628 tria
1221 1583 1449 1649 genera
1486 1572 1670 1647 sunt,
1718 1552 1846 1631 ritu
1896 1574 1958 1627 et
1998 1564 2144 1648 jure
2192 1564 2426 1629 distin-

396 1677 665 1767 guenda.
692 1679 831 1743 Alia
853 1677 1021 1742 enim
1044 1688 1134 1741 est
1154 1676 1424 1742 hominis
1466 1699 1594 1741 non
1633 1677 1729 1741 sui
1770 1677 1963 1775 juris,
2003 1698 2141 1764 quae
2178 1679 2429 1764 simpli—-

393 1793 549 1860 citer
575 1790 820 1878 adoptio
839 1840 856 1875 ‚
884 1792 1003 1856 alia
1033 1791 1128 1855 sui
1150 1791 1312 1877 juris
1333 1840 1351 1875 ‚
1390 1811 1528 1878 quae
1561 1791 1864 1877 arrogatio
1890 1840 1907 1875 ‚
1940 1790 2054 1855 alia
2079 1840 2096 1874 ,
2138 1813 2279 1879 quae
2318 1805 2427 1878 per

396 1917 832 1973 testamentum
861 1900 1087 1971 dicitur
1128 1905 1371 1993 adoptio
1398 1956 1415 1991 ,
1454 1906 1665 1995 sicque
1705 1905 2019 1993 adoptioni
2058 1907 2220 1972 inter
2268 1894 2432 1971 'vivos

396 2022 746 2107 opponitur.
782 2021 908 2101 Qui
930 2042 1056 2084 non
1083 2020 1180 2085 sui
1205 2020 1369 2105 juris
1393 2068 1411 2103 ‚
1440 2044 1514 2084 eo
1533 2069 1551 2104 ‚
1582 2043 1707 2106 quo
1729 2022 2245 2108 emancipandus‚
2276 2023 2430 2106 ritu,

395 2147 492 2201 ter
519 2136 906 2222 mancipatus
926 2157 962 2199 a
985 2131 1248 2220 patrel)
1263 2181 1281 2217 ,
1315 2144 1376 2197 et
1395 2131 1475 2197 ab
1501 2131 1829 2218 adoptante
1853 2132 1947 2197 bis
1978 2136 2393 2199 manumissus
2411 2184 2429 2219 ‚

397 2258 531 2337 post
574 2250 817 2315 tertiam
855 2271 997 2313 vero
1034 2240 1555 2333 mancipationem
1602 2246 1871 2311 naturali
1919 2240 2076 2333 patri
2115 2249 2437 2330 remanci-

397 2346 606 2452 patus‚
637 2360 941 2450 postremo
964 2361 1043 2427 ab
1070 2360 1190 2426 hoc
1211 2359 1529 2447 adoptanti
1550 2358 1718 2446 apud
1743 2360 2072 2426 Praetorem
2101 2361 2438 2429 vindicanti

396 2479 468 2545 in
485 2478 632 2563 jure
668 2476 1001 2542 cedebatur
1037 2471 1139 2562 2).
1170 2476 1249 2539 ln
1276 2475 1404 2540 filia
1433 2486 1495 2539 et
1520 2485 1744 2561 nepote
1789 2497 1913 2540 una
1957 2477 2328 2563 mancipatio
2374 2488 2439 2542 et

400 2594 575 2658 nulla
617 2590 1052 2673 manumissi03
1089 2598 1310 2653 caetera
1350 2587 1569 2653 eadem
1609 2607 1749 2676 quae
1780 2589 1849 2653 in
1885 2590 2033 2656 filio.
2062 2592 2437 2681 Emancipa-

403 2706 587 2772 tionis
612 2705 738 2768 ritu
765 2723 1118 2790 suppresso,
1146 2725 1258 2790 par
1282 2697 1404 2768 fuit
1431 2702 1774 2787 adoptionis
1797 2726 2045 2792 quoque
2072 2704 2262 2790 hujus
2285 2708 2441 2773 sim-

406 2814 801 2906 plicissimam
828 2811 1092 2881 formam
1114 2815 1406 2904 relinqui.
1443 2816 1572 2899 Qui
1595 2817 1867 2901 suijuris
1883 2819 2000 2901 ‚jn
2038 2820 2230 2886 libera
2253 2822 2438 2887 etiam

413 2933 653 2998 civitate
695 2931 960 2996 comitiis
1001 2931 1284 3013 curiatis,
1329 2939 1516 3017 atque‘
1553 2930 1706 2996 adeo
1741 2932 1959 2996 Romae
1996 2943 2274 3019 tantum,
2318 2958 2444 3022 po—

414 3047 561 3133 pulo
580 3045 931 3134 ‚simulque
952 3043 1279 3130 adoptante
1302 3054 1364 3108 et
1388 3043 1734 3130 adoptando
1750 3093 1767 3128 ,
1789 3067 1869 3109 an
1892 3044 2028 3109 fieri
2049 3045 2443 3133 adoptionem

416 3160 679 3230 vellent,
722 3158 987 3244 rogatiS,
1032 3156 1239 3248 (unde
1277 3155 1658 3246 arrogatio,)
1692 3171 1986 3224 caeterum
2022 3162 2443 3233 intercedente

340 3355 351 3372 ι
419 3272 602 3351 etiam
624 3270 933 3337 Pontificis
953 3270 1202 3335 Maximi
1222 3271 1583 3336 auctoritate
1602 3320 1618 3355 ,
1649 3271 1971 3359 adoptatur
1996 3272 2075 3363 3)
2095 3298 2112 3358 3
2140 3298 2261 3363 qua
2283 3279 2352 3344 in
2378 3305 2445 3348 re

418 3387 795 3476 antiquitatis
835 3385 1065 3471 species
1107 3385 1222 3449 sub
1264 3385 1604 3450 Coesaribus
1630 3409 1879 3475 quoque
1917 3388 2029 3453 diu
2059 3404 2289 3458 servata
2322 3394 2444 3482 4),

421 3501 698 3591 quamvis
724 3521 881 3587 saepe
918 3498 1196 3585 neglecta
1220 3520 1238 3580 3
1281 3497 1479 3564 donec
1499 3527 1529 3584 ,f
1558 3501 1689 3587 ipsa
1718 3502 1931 3588 populi
1957 3504 2275 3570 mentione
2299 3529 2449 3595 sup-

419 3638 621 3702 pressa
643 3663 660 3698 ,
698 3615 821 3678 sola
861 3611 1165 3697 Principis
1205 3613 1530 3677 auctoritas
1573 3615 1785 3680 relicta
1815 3626 1942 3697 est;
1977 3616 2286 3705 simulque
2320 3622 2450 3688 for—

424 3731 613 3794 mulae
655 3728 1001 3794 obsolevere
1019 3775 1036 3810 ‚
1072 3725 1405 3792 Justiniani
1453 3725 1653 3792 edicto
1693 3728 1945 3794 sublatae
1975 3729 2066 3818 5).
2100 3731 2452 3805 Formulam

420 3844 725 3932 imprimis
772 3842 1245 3909 memorabilem
1309 3843 1712 3930 arrogationis
1768 3844 2024 3909 servavit
2081 3841 2318 3917 Gellius
2355 3856 2449 3941 V,

432 3965 536 4025 19.
566 3955 649 4047 6)
688 3958 964 4023 Pontifex
987 4006 1005 4042 ,
1029 3980 1240 4024 causas
1264 3956 1607 4044 adoptionis
1627 3957 1949 4044 inquirens
1967 4009 1984 4043 ‚
2028 3983 2109 4025 an
2147 3960 2418 4033 honestae
2437 4022 2454 4054 ,

431 4073 761 4159 legitimae,
808 4072 1031 4156 simul,
1072 4072 1237 4159 quod
1275 4072 1354 4139 ad
1399 4094 1566 4139 sacra
1600 4072 1825 4157 privata
1855 4073 1918 4138 in
1950 4086 2302 4160 potestatem
2332 4105 2462 4149 sese

2071 4190 2139 4249 ll
