3111 4829
1542 338 1795 416 (⁴58)

664 486 736 540 ut
778 472 1030 538 omnino
1061 490 1307 537 morum
1342 469 1693 556 simplicitas
1715 520 1734 554 ,
1780 471 1864 535 ita
1908 470 1979 533 iu
2004 468 2171 533 victu
2217 468 2537 554 frugalitas
2569 468 2648 557 1)
2679 517 2703 553 ‚

663 608 802 674 quae
838 585 916 650 ad
950 584 1546 650 Lacedaemoniorum
1587 585 1855 669 proxime
1895 582 2184 647 accedere
2216 582 2497 648 videatur
2521 632 2538 665 ‚
2566 582 2702 649 diu

663 723 700 766 e
741 700 901 764 farre
933 711 993 764 et
1026 698 1311 764 olusculis
1349 696 1568 786 pulte(
1594 694 1795 762 κέλης
1820 694 1845 784 )
1868 707 2151 761 contenta
2183 693 2250 780 2)
2278 744 2295 778 ,
2330 694 2496 760 unde
2533 698 2705 781 pul-

661 814 881 896 ticula,
909 814 1238 899 pultarius,
1268 823 1423 893 etc..,
1450 809 1592 873 dein
1629 832 1848 894 panem
1876 809 2204 894 adjiciens,
2234 831 2370 874 raro
2394 831 2655 878 carnem
2676 860 2700 896 ‚

663 939 723 991 et
749 927 1011 991 maxime
1037 949 1074 990 a
1108 926 1349 990 victima
1385 934 1815 1008 superantem3
1854 945 2059 1009 neque
2104 923 2421 1009 frugalitas
2461 925 2565 988 illa
2611 927 2698 991 in

661 1040 840 1127 plebe
879 1050 1147 1122 tantum,
1174 1038 1276 1102 sed
1318 1038 1384 1100 in
1427 1034 1804 1121 principibus
1830 1036 1971 1099 viris
2005 1035 2248 1100 laudata
2273 1034 2363 1124 3),
2385 1049 2695 1103 caeterum

656 1154 726 1217 in
785 1161 1136 1238 paupertate
1191 1150 1400 1213 minus
1459 1148 1759 1212 miranda.
1829 1150 2125 1234 Corrupto
2178 1161 2414 1214 vetusto
2465 1174 2643 1217 more
2668 1203 2693 1238 ‚

656 1285 883 1332 mensae
905 1286 1149 1351 quoque
1178 1263 1423 1329 delicias
1450 1285 1692 1327 summo
1730 1262 1929 1326 studio
1964 1264 2179 1326 sectari
2211 1275 2532 1348 coeperunt
2563 1262 2636 1353 4)
2661 1313 2686 1350 ,

653 1381 722 1443 in
746 1402 815 1444 ea
838 1401 1081 1465 quoque
1106 1401 1171 1442 re
1196 1379 1457 1464 plurima
1482 1401 1517 1442 e
1541 1379 1895 1442 Graecorum
1920 1424 1937 1458 ,
1966 1377 2158 1440 multa
2189 1380 2375 1440 etiam
2403 1400 2474 1441 ex
2497 1377 2689 1443 Asia-

653 1492 774 1556 tica
817 1490 1258 1555 consuetudine
1299 1491 1585 1554 mutuati.
1635 1490 1753 1552 Nos
1792 1490 1860 1552 in
1906 1488 2196 1552 foecundo
2240 1488 2430 1554 hocce
2473 1513 2688 1576 argu-

653 1615 860 1667 mento
884 1652 900 1685 ,
920 1603 1025 1666 cui
1047 1601 1502 1687 duodetriginta
1527 1601 1777 1686 paginas
1799 1599 1968 1664 dedit
1985 1601 2245 1668 Creuzer
2262 1604 2321 1688 §.
2350 1603 2684 1688 268-288,

653 1716 966 1802 sequentia
989 1725 1291 1778 notamus.

717 1849 767 1914 1)
793 1851 868 1898 Cf.
886 1849 1132 1898 &ansol-t.
1155 1864 1205 1896 v.
1228 1848 1279 1897 2.
1300 1864 1352 1912 p.
1376 1847 1491 1896 426.
1518 1864 1631 1912 sqq.
1652 1874 1714 1887 -
1735 1848 1790 1912 Ξ)
1815 1849 1891 1898 Cf.
1923 1849 2055 1898 Ptin.
2082 1850 2146 1899 18
2165 1887 2180 1914 ,
2205 1848 2237 1898 8
2253 1889 2269 1915 ,
2291 1850 2406 1901 val.
2430 1852 2581 1902 Max.
2607 1852 2683 1919 23

649 1941 719 2002 ὅ,
742 1940 808 2001 5,
833 1938 974 1988 ovid.
1000 1940 1146 1989 Fan.
1169 1940 1238 2002 ὃ,
1264 1939 1389 2001 170,
1412 1939 1595 1987 Juven.
1620 1938 1716 2002 11,
1739 1936 1803 1987 77
1826 1937 2116 2004 ,14‚171‚
2138 1940 2283 1991 nnn.
2306 1941 2373 2003 5,
2398 1940 2495 2004 79,
2526 1940 2579 1990 9.
2602 1969 2682 1981 —

649 2030 703 2093 ὅ)
727 2029 803 2077 Cf.
831 2028 952 2077 Hor.
975 2029 1074 2079 Od.
1099 2028 1122 2077 1
1149 2067 1166 2092 ‚
1195 2029 1255 2079 12
1274 2065 1292 2092 ‚
1315 2028 1398 2078 40.
1423 2044 1533 2093 sqq.
1559 2056 1624 2067 —
1645 2027 1695 2083 4)
1719 2029 1794 2077 Cf.
1818 2029 1982 2078 Plaut.
2007 2030 2198 2080 Pseud.
2223 2031 2285 2096 2,
2324 2032 2357 2081 2
2374 2068 2392 2096 ,
2414 2030 2685 2084 Heia-otto

651 2116 768 2166 Stet.
795 2135 852 2167 ιι.
873 2119 1145 2168 habentor-8
1166 2120 1256 2168 der
1273 2118 1433 2168 Roem.
1459 2134 1510 2183 p.
1534 2119 1586 2167 2.
1610 2135 1662 2182 p.
1696 2118 1823 2184 111,
1849 2119 1975 2168 Gen.
1996 2119 2055 2182 2,
2079 2118 2162 2169 24.

743 2260 896 2322 464.
949 2259 1135 2325 Coena
1185 2253 1277 2342 1),
1311 2279 1498 2344 quam
1541 2254 1897 2342 praecedunt
1919 2255 2160 2340 jentare
2184 2305 2201 2338 ‚
2240 2257 2630 2340 jentaculum
2661 2307 2684 2343 ,

653 2367 950 2451 prandere
995 2366 1061 2456 2)
1088 2418 1104 2449 ‚
1145 2366 1505 2454 prandium,
1550 2366 1946 2448 merendare,
1993 2367 2284 2432 merenda
2328 2365 2437 2455 3),
2467 2379 2682 2435 aestate

650 2481 810 2545 circa
837 2481 1048 2546 horam
1073 2480 1167 2571 (§.
1199 2479 1390 2570 358.)
1415 2503 1643 2549 nonam
1672 2478 1779 2567 4),
1827 2481 2010 2567 paulo
2037 2481 2227 2544 serius
2270 2480 2510 2566 hieme,
2544 2484 2681 2547 tri-

648 2589 766 2655 bus
789 2640 807 2671 ‚
833 2603 900 2655 ut
920 2604 1096 2675 ajunt
1114 2641 1131 2675 ,
1154 2594 1378 2657 mensis
1396 2642 1412 2675 ,
1435 2615 1558 2679 quo
1586 2592 1878 2658 trahenda
1903 2590 2183 2672 τράπεζα,
2207 2594 2457 2677 missus,
2481 2608 2679 2672 mete,

648 2707 893 2767 cervice
915 2700 1005 2790 5),
1029 2714 1097 2768 ut
1121 2703 1454 2788 plurimum
1471 2754 1487 2785 ,
1508 2716 1818 2787 constans,
1843 2706 2181 2790 gustatione
2199 2754 2217 2789 ,
2237 2706 2433 2791 capite
2453 2729 2677 2793 coenae,

649 2827 712 2881 et
751 2837 961 2879 mensa
1007 2815 1291 2880 secunda.
1340 2816 1617 2881 Gestatio
1642 2867 1659 2901 ‚
1686 2829 1926 2904 gustus,
1958 2821 2283 2905 promulsis
2320 2820 2383 2908 6)
2411 2872 2427 2905 ,
2451 2820 2675 2886 δείπνου

647 2929 912 3011 rpooa'pun
936 2975 953 3006 ,
994 2929 1059 3003 in
1104 2952 1222 3014 qua
1264 2941 1840 3013 occurrunt-ovum3
1886 2930 2052 2995 unde
2096 2933 2180 2996 ab
2217 2957 2551 3024 ovemque
2577 2940 2681 3006 ad

646 3045 828 3109 mala
875 3047 978 3132 7),
1019 3045 1291 3107 mulsum
1315 3091 1331 3124 ,
1359 3066 1394 3107 e
1421 3043 1568 3107 vino
1592 3092 1609 3126 ‚
1633 3066 1789 3130 aqua
1815 3054 1874 3108 et
1897 3045 2080 3108 melle
2104 3046 2366 3111 mixtum
2396 3045 2464 3135 8)
2486 3099 2503 3133 ,
2527 3052 2681 3134 lac-

646 3168 788 3222 luca
814 3207 830 3241 ,
865 3179 1111 3244 garum,
1138 3158 1336 3222 muria
1363 3154 1462 3245 9),
1490 3159 1605 3222 alia
1643 3157 1744 3245 10)
1771 3158 2099 3222 excitandae
2121 3163 2504 3245 appetentiae.
2532 3164 2676 3232 Alia

648 3281 738 3334 est
772 3269 1048 3335 vocabuli
1073 3270 1236 3334 notio
1256 3317 1275 3352 ,
1319 3292 1438 3355 qua
1473 3271 1687 3356 gallice
1722 3270 1983 3335 dicimus
2012 3274 2321 3338 collation
2343 3322 2364 3350 ,
2390 3280 2619 3366 ymiter
2640 3327 2672 3358 ,

647 3394 890 3470 gustare
916 3380 1045 3469 11).
1080 3383 1274 3469 Caput
1297 3404 1486 3448 coenae
1543 3381 1648 3470 12)
1670 3432 1686 3465 ,
1723 3396 2019 3470 arguente
2061 3387 2346 3472 nomine,
2370 3402 2477 3453 aut
2515 3414 2676 3475 prze-

646 3497 865 3583 cipuus
887 3496 1136 3578 missus,
1176 3505 1283 3560 aut
1326 3496 1686 3582 primarium
1710 3497 1775 3561 in
1817 3498 1921 3561 illo
1958 3499 2285 3565 ferculum.
2334 3504 2533 3566 Mensa
2568 3506 2672 3569 vel

644 3609 769 3674 cibi
795 3609 1046 3674 secundi
1090 3607 1414 3701 (deeeert)
1459 3611 1725 3677 bellariis
1765 3623 2039 3677 constant
2091 3611 2217 3701 13).
2266 3617 2341 3679 In
2371 3618 2670 3684 conviviis

648 3722 770 3788 sive
823 3724 1055 3809 epulis,
1096 3723 1264 3789 unde
1325 3727 1602 3813 epulari,
1646 3750 1885 3794 coenam
1943 3730 2276 3816 excipiebat
2317 3733 2672 3801 comissatio

648 3834 878 3923 (ιιὸἶιιος)
905 3838 970 3901 in
994 3840 1253 3907 multam
1292 3852 1535 3921 noctem
1573 3840 1703 3931 14).
1742 3843 2240 3909 Comissationem
2262 3848 2671 3915 convivarum

645 3947 865 4033 aliquis
907 3947 1141 4039 (sorte,
1191 3954 1299 4021 tali
1344 3953 1554 4043 jactu)
1602 3957 1886 4044 regebat3
1943 3956 2109 4024 unde
2157 3980 2288 4043 rex,
2348 3983 2616 4047 regnum
2650 4012 2670 4047 ,
