3111 4829
1285 408 1539 489 (³45)

395 564 640 607 morum
671 542 929 607 deorum
965 538 1274 606 sacrificiis
1302 559 1412 624 per
1448 538 1657 622 plures
1684 535 1851 622 dies,
1880 539 2197 606 nocturnis
2225 541 2409 608 etiam

391 657 990 743 pervigilationibns,
1029 654 1335 740 imprimis
1360 675 1502 718 vero
1532 653 1600 716 in
1631 652 1929 739 Apollinis
1956 666 2017 719 et
2046 656 2259 722 Diauae
2300 657 2409 747 (ς.

398 767 598 856 322.)
633 769 930 834 honorem
976 768 1270 833 celebrati
1303 764 1392 856 4).
1433 766 1949 834 Extraordiuarios
1988 782 2195 835 autem
2238 772 2411 837 ludos

390 881 720 968 antiquarii
744 904 889 947 cum
913 881 1241 968 generibus
1264 891 1398 956 tum
1427 881 1575 945 alias
1602 880 2028 970 distinguunt,
2060 886 2287 950 votivos
2300 886 2372 974 5)
2386 927 2411 968 ,

395 991 817 1079 imperativus,
846 983 1124 1057 lustrales
1157 988 1261 1080 6),
1299 990 1627 1078 funebres,
1663 993 1831 1060 alios.

463 1145 515 1216 1)
538 1152 616 1202 Cf.
641 1154 759 1202 Tuo.
781 1154 926 1202 Ann.
948 1152 1012 1203 14
1028 1189 1044 1216 ,
1065 1152 1148 1201 20.
1170 1180 1232 1190 —
1251 1152 1303 1216 2)
1332 1152 1407 1201 Cf.
1432 1152 1569 1202 Suet.
1594 1150 1778 1204 Οἰαυᾶ.
1796 1154 1853 1205 21
1875 1191 1891 1218 ,
1914 1153 2096 1205 Herod.
2115 1148 2167 1221 8,
2192 1156 2243 1223 8,
2268 1151 2417 1208 ovim

400 1240 562 1291 Τήϊε.
587 1243 625 1291 1.
649 1243 710 1306 2,
733 1259 783 1290 v.
808 1242 900 1305 25,
925 1242 1047 1290 lior.
1072 1243 1130 1293 C.
1153 1241 1211 1292 S.
1234 1257 1287 1291 v.
1307 1241 1390 1291 25.
1412 1241 1549 1306 -3)
1577 1242 1652 1291 Cf.
1675 1243 1786 1292 Val-
1809 1243 1935 1292 lu.
1953 1245 2017 1308 2,
2039 1245 2103 1310 4,
2123 1245 2315 1313 50-4)
2334 1247 2421 1297 eso

395 1327 506 1378 Vol.
527 1332 649 1379 Max.
666 1329 884 1393 ,'11erod.
901 1363 917 1395 ‚
951 1332 1071 1380 Hor.
1094 1331 1132 1380 1.
1159 1346 1240 1396 c.,
1263 1330 1442 1381 Zosim-
1463 1333 1502 1381 1.
1524 1332 1575 1382 2.
1601 1348 1650 1381 c.
1671 1332 1726 1383 5.
1749 1359 1807 1373 -·
1827 1332 1891 1394 5>
1912 1333 1990 1383 Cf.
2011 1335 2147 1386 Suet.
2172 1338 2314 1402 Anq-
2336 1339 2425 1389 4³.

396 1447 455 1457 —
477 1420 529 1482 6)
554 1416 628 1469 Cf.
652 1422 771 1469 Tac.
794 1422 938 1470 Ann-
964 1420 1056 1485 16,
1075 1410 1125 1469 4.

482 1541 632 1601 348.
683 1529 1154 1600 Aliadivisionis
1181 1535 1416 1599 ratione
1444 1532 1577 1598 ludi
1608 1532 1969 1599 dividuntur
1997 1536 2062 1600 in
2089 1538 2425 1625 circenses,

394 1643 776 1739 gladiatorios
808 1658 868 1715 et
908 1648 1193 1714 scenicos.
1233 1648 1546 1713 Circenses
1589 1671 1624 1713 a
1665 1649 1828 1713 circo
1864 1648 2170 1734 adpellati.
2207 1643 2424 1718 Circus

392 1761 724 1828 aedificium
755 1764 1178 1849 longissimum
1202 1809 1220 1845 ,
1258 1762 1492 1824 minori
1527 1761 1852 1827 latitudine
1875 1809 1893 1845 ,
1940 1774 2208 1831 extrema
2247 1779 2421 1851 parte

399 1900 524 1944 una
567 1869 667 1945 vel
707 1890 1000 1965 utraque,
1033 1877 1200 1941 unde
1233 1898 1459 1942 nomen
1495 1924 1513 1960 ,
1551 1865 1882 1941 incurvum
1905 1926 1923 1962 ,
1972 1900 2081 1963 per
2112 1880 2422 1947 interme-

397 1994 572 2061 dium
612 1994 910 2080 spatium,
940 2002 1258 2077 apertum,
1292 1979 1545 2076 planitie
1585 1981 1828 2081 (spina)
1873 1985 1939 2054 in
1969 1985 2423 2079 longitudinem

395 2119 637 2173 extensa
658 2155 674 2188 ,
724 2105 964 2171 modice
1014 2105 1325 2168 eminente
1347 2153 1364 2188 ,
1419 2104 1481 2166 et
1527 2103 1839 2187 obeliscis,
1886 2105 2005 2168 aris
2032 2153 2050 2187 ,
2097 2103 2371 2171 oediculis
2395 2156 2416 2191 ,

399 2219 640 2300 statuis,
668 2218 924 2302 aliisque
953 2233 988 2280 e
1018 2215 1275 2280 deorum
1303 2226 1363 2280 et
1391 2213 1656 2280 heroum
1685 2218 1859 2281 cultu
1885 2229 2094 2283 oruata
2111 2268 2129 2304 ,
2162 2219 2427 2306 quibus,

399 2333 471 2396 ut
501 2324 667 2412 Soli,
697 2323 963 2414 Apollini
990 2377 1007 2412 ,
1036 2329 1275 2416 Cybelae
1293 2375 1312 2411 ,
1338 2328 1682 2393 Castoribus
1700 2378 1717 2413 ,
1748 2329 1947 2394 circus
1983 2330 2240 2419 ludique
2268 2337 2428 2399 sacri

403 2455 598 2511 erant.
646 2443 742 2509 Ad
788 2454 1117 2508 extremam
1149 2443 1337 2529 spinae
1385 2444 1640 2508 alteram
1683 2446 1779 2508 vel
1822 2454 2150 2530 utramque
2187 2459 2425 2531 partem

403 2566 584 2623 metae
618 2555 723 2645 l),
765 2557 1001 2621 circum
1035 2578 1186 2643 quas
1228 2554 1373 2642 equi
1419 2574 1765 2643 currusque
1809 2557 2150 2649 agebantur
2171 2604 2193 2641 ,-
2237 2583 2429 2649 prope

403 2683 632 2737 metam
661 2688 805 2755 ova3
837 2669 916 2743 ab
944 2662 1131 2734 altera
1158 2660 1401 2734 oedi'ficii
1432 2681 1605 2755 parte
1631 2690 1906 2734 carceres
1934 2671 2209 2759 utrisque
2242 2676 2430 2738 emit-

403 2784 623 2851 tendis.
655 2785 912 2849 Initium
934 2807 1149 2849 cursus
1175 2783 1427 2871 quidam
1449 2784 1679 2848 lineam
1706 2781 1932 2874 (creta,
1958 2780 2130 2874 calx)
2156 2787 2432 2872 faciunt,

407 2918 667 2987 eamque
696 2909 836 2963 ante
858 2916 1130 2963 carceres
1159 2897 1441 2981 ductam,
1465 2895 1603 2983 alii,
1632 2893 1889 2981 rectius,
1914 2910 2059 2984 puto
2078 2947 2098 2983 ,
2121 2899 2311 2964 finem
2335 2898 2431 2989 2).

413 3012 511 3077 Ad
536 3013 837 3078 ambitum
882 3013 1031 3076 circi
1065 3008 1218 3077 fossa
1249 3004 1617 3100 (θυι-ἔρος),
1646 3007 1775 3098 ipse
1804 3010 2068 3098 pilarum
2108 3013 2437 3078 ordinibus

412 3125 651 3192 duobus
676 3126 1025 3211 pluribusve
1055 3127 1173 3190 alte
1197 3135 1533 3189 exstructus
1552 3172 1571 3208 ,
1602 3125 1827 3212 quibus
1854 3122 2113 3188 interius
2141 3126 2433 3190 niteban-

411 3252 514 3305 tur
546 3238 755 3304 sedilia
801 3239 1253 3325 spectatoribus.
1283 3238 1554 3325 Propriis
1579 3237 1935 3301 nominibus
1959 3236 2439 3326 distinguuntur

412 3353 785 3421 Maeuianum
807 3364 868 3417 et
891 3348 1189 3436 Podium3
1219 3348 1387 3417 unde
1417 3351 1495 3417 ad
1526 3344 1782 3439 podium
1814 3360 2083 3438 spectare
2112 3349 2204 3441 3).

491 3542 541 3608 1)
567 3542 784 3592 emtor.
808 3542 908 3592 od.
932 3541 1079 3606 1,1,
1099 3540 1312 3604 4,sut.
1335 3540 1477 3605 Sylv.
1500 3532 1571 3605 ὅ,
1592 3540 1658 3605 7,
1683 3539 1768 3590 33.
1792 3567 1851 3577 -
1871 3539 1924 3601 2)
1955 3537 2113 3589 Varro
2134 3554 2218 3605 tp.
2240 3540 2367 3590 Non.
2390 3540 2447 3590 iu

424 3632 536 3680 calx
557 3648 578 3680 .-
603 3631 820 3682 Neum'm'
832 3631 1048 3694 fortuna
1069 3647 1280 3680 currum
1302 3647 1336 3680 a
1364 3645 1561 3680 carcero
1593 3632 1775 3678 intimo
1800 3628 1871 3694 (Ρ)
1904 3632 2115 3679 missum
2140 3631 2450 3696 inoffensum

424 3736 522 3785 per
541 3735 714 3785 σφων
732 3722 1014 3771 candidum
1034 3722 1105 3769 ad
1125 3722 1308 3769 calcem
1331 3723 1474 3770 sinit.
1497 3718 1576 3770 Cl'.
1595 3718 1699 3769 Cic.
1723 3719 1886 3770 Tunc.
1905 3720 1929 3770 1
1949 3756 1965 3784 ,
1981 3719 2013 3768 8
2031 3756 2047 3785 ,
2071 3719 2185 3770 Seu.
2201 3720 2453 3785 Ep.108.

432 3835 494 3846 -
515 3808 568 3875 3)
592 3809 774 3861 snm.
796 3811 860 3876 2,
884 3808 1002 3862 1⁴7.
1023 3809 1100 3860 cr.
1121 3808 1253 3859 run.
1277 3808 1340 3859 57
1359 3846 1379 3875 ‚
1399 3808 1463 3878 5,
1487 3810 1623 3860 Suet.
1648 3809 1788 3860 Nero
1803 3845 1823 3874 ‚
1846 3809 1929 3859 12.

527 3979 676 4042 349.
724 3977 799 4042 In
843 3978 1006 4044 ludis
1049 3976 1426 4044 circensibus
1460 3974 1525 4065 1)
1558 3987 1872 4064 ponuntur
1908 3973 2042 4043 haec
2073 3978 2451 4046 certamina:

436 4113 650 4157 cursus
677 4104 991 4179 equester,
1020 4095 1194 4182 isque
1229 4103 1338 4160 aut
1363 4114 1522 4180 equo
1559 4102 1669 4159 aut
1703 4114 1892 4159 curru
1917 4138 1934 4176 ,
1964 4089 2159 4177 bigis,
2201 4093 2459 4180 quadri-

2053 4203 2133 4263 44
