3111 4829
1528 394 1779 478 (376)

662 529 745 593 10)
768 529 843 578 Ct'.
862 521 952 577 nio
974 525 1107 576 Cass.
1126 521 1193 578 54
1211 526 1311 590 ,11
1340 530 1392 575 et
1410 523 1494 574 24.
1511 550 1575 562 —
1596 524 1679 589 11)
1699 523 1858 575 Vestis
1890 481 2115 592 scilicet,
2148 529 2317 578 laurus
2335 565 2352 593 ,
2387 536 2646 596 sceptrum
2668 565 2688 595 ,

663 619 769 683 (Cf.
807 618 913 667 Liv.
952 619 1017 668 50
1034 654 1051 681 ,
1090 618 1235 682 15.)‚
1258 616 1452 681 aliaque
1475 615 1715 679 insignia,
1740 633 1854 681 qum
1878 617 1941 666 ab
1967 620 2257 682 antiquariis
2294 620 2356 667 ad
2391 631 2693 674 ornamenta

660 707 746 756 illa
766 744 781 770 ,
814 712 871 756 ut
905 724 1084 756 nomen
1115 707 1420 771 imperatoris
1439 743 1454 770 ‚
1483 712 1643 755 statua
1663 742 1679 769 ,
1703 708 1944 756 sacrificia
1968 714 2022 788 et
2042 709 2422 774 supplicationes
2436 748 2451 774 ,
2473 713 2645 760 nescio
2667 751 2686 777 ,

659 811 724 844 an
748 801 927 845 cuncta
947 798 1061 845 satis
1084 802 1219 844 recte
1236 833 1249 859 ,
1272 797 1573 845 reseruntur.
1595 823 1660 835 -
1681 794 1775 854 12)
1798 796 1874 845 Cf.
1902 797 2031 847 Veu.
2055 799 2087 846 2
2105 835 2121 861 ,
2148 799 2242 849 104
2257 836 2273 861 ,
2297 800 2432 848 Suet.
2461 800 2582 850 Tib.
2618 801 2651 850 9
2665 840 2683 867 ‚

659 887 799 948 Auq.
833 883 896 933 58
922 922 937 948 ‚
978 886 1160 935 C'loud.
1198 883 1281 932 24.
1300 884 1467 948 -15)
1505 883 1582 932 Cf.
1618 884 1746 933 Gell.
1782 885 1844 948 5,
1884 885 1916 934 6
1936 922 1953 951 ‚
1977 885 2112 935 Flor.
2137 886 2169 935 δ
2188 921 2204 949 ,
2229 886 2310 935 19.
2334 886 2414 935 Ad
2432 887 2689 936 Casurum

659 978 853 1021 atatem
869 973 999 1021 vell.
1024 973 1082 1036 2,
1108 971 1231 1037 196,
1248 972 1565 1023 Nero-ovam
1586 974 1943 1038 triumphavit.
1962 1001 2025 1015 —
2044 975 2137 1039 14)
2161 975 2238 1024 Cf.
2261 975 2369 1024 Liv.
2390 976 2486 1038 55,
2524 977 2590 1026 22
2627 983 2682 1026 ct

656 1062 740 1112 23.
764 1063 839 1111 cr.
862 1064 953 1128 26,
977 1063 1061 1116 21.

746 1180 897 1244 377.
945 1180 1148 1243 Poenae
1183 1180 1507 1264 militares,
1547 1202 1658 1265 pro
1697 1179 2064 1245 delictorum
2107 1179 2289 1245 modo
2313 1191 2372 1244 et
2402 1202 2633 1266 genere
2660 1228 2679 1263 ,

654 1312 765 1378 pro
788 1301 1056 1377 tempore
1088 1293 1272 1356 etiam
1295 1291 1541 1357 diversae
1573 1290 1636 1378 1)
1662 1315 1676 1357 :
1712 1293 1935 1358 leviora
1959 1293 2187 1357 mulcta
2207 1341 2224 1376 ‚
2256 1315 2381 1380 quo
2410 1290 2680 1357 trahitur
2746 1287 2762 1304 ⁸

655 1405 858 1469 censio
898 1403 1158 1471 hastaria
1188 1404 1293 1493 2),
1349 1404 1648 1491 stipendio
1693 1401 1802 1493 3),
1838 1406 2060 1489 armiS‚
2100 1415 2207 1469 aut
2256 1404 2424 1469 victu
2448 1453 2467 1488 ,
2509 1406 2681 1469 velut

653 1540 812 1606 pane
851 1540 922 1582 ex
941 1516 1168 1582 hordeo
1202 1515 1312 1605 4),
1356 1516 1661 1583 diminuto
1697 1518 1793 1581 vel
1821 1517 2063 1583 ademto
2084 1568 2102 1603 ‚
2137 1529 2246 1582 ant
2279 1518 2635 1584 verberibus
2656 1567 2679 1605 ,

652 1631 812 1695 fuste
836 1679 854 1714 ,
904 1627 1198 1695 fustuario
1241 1626 1345 1718 5),
1374 1630 1565 1695 aliave
1606 1631 1947 1716 ignominia
2002 1629 2113 1720 6),
2150 1633 2467 1717 graviora,
2512 1632 2683 1695 velut

648 1743 909 1829 proditio
934 1792 952 1827 ,
988 1742 1261 1828 perjuria
1284 1790 1302 1825 ‚
1348 1742 1561 1807 seditio
1581 1792 1598 1827 ‚
1639 1744 1705 1807 in
1751 1744 1962 1829 paucis
1992 1756 2188 1809 morte
2215 1744 2635 1831 puniebantur
2657 1792 2679 1828 ‚

647 1858 717 1921 in
740 1857 993 1944 integris
1028 1856 1382 1922 cohortibus
1420 1868 1527 1921 aut
1566 1857 1912 1942 legionibus
1950 1858 2355 1923 decimatione
2380 1908 2400 1944 ,
2434 1861 2681 1923 vecesi-

645 1974 953 2056 matione,
986 1983 1100 2038 etc.
1136 1969 1224 2059 7).
1268 1971 1487 2036 milites
1525 1971 1686 2035 bello
1709 1982 1913 2058 captos
1943 1970 2089 2054 jure
2123 1972 2404 2058 gentium
2429 1971 2677 2036 victoris

646 2089 867 2170 fuisse,
889 2089 947 2173 §.
1001 2089 1108 2153 51.
1145 2084 1708 2150 animadvertimus.
1734 2085 1903 2149 Inter
1927 2085 2335 2172 ignominiosa
2371 2087 2440 2151 in
2473 2085 2680 2151 hostes

650 2200 915 2266 devictos
942 2200 1058 2263 sub
1073 2199 1307 2285 jugum
1328 2196 1571 2260 mittere
1595 2192 1686 2281 8).

734 2313 1195 2403 stipendiorum
1219 2323 1466 2397 tempus
1489 2331 1669 2396 supra
1693 2308 2028 2395 attigimus.
2051 2309 2250 2374 Missio
2273 2309 2678 2399 distinguitur

641 2432 804 2516 justa
826 2440 887 2494 et
907 2428 1133 2513 injusta
1158 2450 1178 2510 ;
1205 2424 1283 2490 ad
1304 2426 1474 2489 illam
1503 2425 1781 2488 referunt
1814 2421 2129 2489 honestam
2158 2472 2175 2507 ,
2198 2426 2538 2491 causariam
2561 2476 2579 2512 ,
2609 2440 2675 2493 et

645 2539 1032 2606 vitandorum
1063 2558 1396 2602 munerum
1429 2557 1609 2600 causa
1652 2534 1972 2599 militantis
2006 2532 2097 2623 9).
2136 2534 2390 2619 Injustae
2433 2539 2677 2604 faciunt

650 2652 972 2740 gratiosam
1021 2647 1129 2737 10)
1174 2659 1235 2714 et
1272 2648 1745 2734 ignominiosam
1798 2647 1931 2736 11).
1980 2648 2074 2713 De
2119 2646 2473 2715 discrimine
2509 2652 2675 2718 inter

646 2764 999 2830 missionem
1020 2773 1081 2827 et
1102 2760 1650 2826 exauctorationem
1665 2809 1683 2844 ,
1710 2761 1825 2824 sub
1848 2760 2187 2827 Caesaribus
2209 2761 2525 2827 inductam
2541 2810 2561 2849 ,
2582 2766 2673 2831 cf.

648 2880 787 2944 Tac.
812 2875 996 2943 Anu.
1028 2876 1059 2940 Ι
1080 2923 1099 2959 ,
1136 2877 1244 2941 36.

714 3041 769 3107 1)
799 3039 941 3103 nigg.
966 3036 1057 3101 49,
1083 3036 1146 3087 10
1163 3072 1180 3100 ,
1204 3036 1267 3100 5,
1304 3035 1326 3085 1
1348 3069 1366 3100 ,
1397 3036 1768 3097 distinguuntur
1803 3038 2094 3098 cmuqatio,
2111 3040 2425 3097 pecuniaria
2446 3039 2676 3105 mulcta,

648 3144 919 3181 munerum
965 3128 1177 3176 indictio
1203 3162 1219 3188 ,
1238 3172 1241 3175 ,
1263 3125 1461 3175 milit-‘o
1500 3125 1714 3172 mutatio
1732 3159 1749 3188 ,
1792 3123 1986 3186 yradus
2034 3121 2241 3185 dejectio
2265 3157 2287 3189 ,
2329 3128 2683 3189 iqnominioea

647 3221 840 3269 missio.
864 3243 929 3255 -
949 3215 1001 3275 2)
1023 3213 1085 3264 V.
1109 3214 1242 3262 Fest.
1265 3212 1318 3260 in
1338 3214 1505 3261 censio
1530 3215 1583 3259 et
1602 3209 1927 3275 depnhema.
1946 3236 2009 3246 --
2028 3208 2082 3274 ὅ)
2106 3210 2183 3259 Cf.
2206 3211 2341 3261 Fest.
2359 3214 2413 3263 in
2435 3215 2678 3268 dirutum

649 3322 764 3357 oer-e.
783 3334 845 3344 -
868 3303 922 3371 4)
947 3303 1021 3352 Cf.
1041 3304 1176 3351 Suet.
1196 3304 1336 3365 Auq.
1360 3300 1453 3364 24,
1476 3299 1608 3348 Plin.
1634 3298 1727 3363 18,
1751 3297 1803 3348 7.
1821 3325 1884 3337 -·
1905 3295 1968 3359 5)
1993 3299 2068 3347 Cf.
2091 3298 2199 3348 Cio.
2219 3300 2362 3349 Pha.
2386 3296 2449 3366 ὅ,
2473 3302 2539 3367 6,
2562 3304 2675 3355 Liv,

646 3397 712 3460 5,
736 3396 797 3459 6,
819 3393 1072 3458 Polybo,
1096 3391 1160 3441 57
1180 3427 1197 3455 ,
1221 3390 1339 3439 Tac.
1363 3394 1507 3440 Anu.
1531 3388 1594 3454 5,
1634 3387 1717 3437 21.
1737 3415 1798 3424 —
1819 3387 1873 3453 6)
1910 3385 1973 3436 V.
2012 3387 2186 3438 Creuz.
2221 3385 2268 3457 §.
2290 3389 2406 3440 265.
2428 3419 2491 3429 —
2512 3391 2566 3459 7)
2593 3395 2674 3445 Cf,

644 3488 751 3537 Liv.
771 3488 829 3549 2,
850 3484 943 3549 59,
967 3485 1125 3549 Capit.
1148 3483 1380 3533 Macrin.
1401 3517 1418 3544 ,
1451 3478 1564 3544 123
1588 3478 1650 3528 de
1672 3479 1848 3544 modo,
1883 3479 2059 3545 Polyb.
2083 3479 2115 3528 6
2135 3516 2152 3545 ‚
2175 3479 2259 3529 56.
2285 3509 2348 3519 -
2373 3479 2426 3546 8)
2453 3482 2530 3532 Ct'.
2560 3484 2673 3536 Cic.

646 3580 705 3626 do
726 3578 828 3641 Off.
853 3574 917 3641 ὅ,
937 3574 1029 3637 50,
1053 3571 1158 3622 Liv.
1179 3571 1240 3636 ὅ,
1265 3571 1355 3634 28,
1390 3567 1505 3635 9,⁴
1527 3573 1579 3618 et
1599 3569 1632 3618 6
1655 3574 1707 3618 et
1729 3567 1819 3633 15,
1855 3568 1944 3632 10,
1964 3566 2048 3618 56.
2072 3592 2139 3609 -
2159 3568 2213 3635 9)
2241 3568 2320 3619 Cf.
2352 3568 2467 3636 mp.
2500 3573 2670 3638 Diqq.

645 3666 707 3728 5,
729 3666 790 3731 2,
811 3665 872 3730 2,
894 3664 956 3729 2,
978 3664 1139 3712 Macer
1162 3659 1436 3728 Dp'qqAfl,
1460 3657 1551 3726 ¹6,
1573 3657 1666 3724 13,
1687 3657 1739 3707 2.
1763 3658 2034 3725 —10)cr.
2054 3659 2162 3713 Liv.
2182 3657 2668 3731 43,14.-11)Οῐ.

643 3754 771 3805 uirt-
797 3757 857 3806 do
880 3756 945 3806 Β.
969 3756 1037 3806 A.
1060 3753 1125 3804 46
1145 3758 1197 3804 et
1215 3751 1298 3803 54.
