3111 4829
1495 375 1521 455 (
1562 373 1684 441 324
1724 375 1751 458 )

624 481 1004 575 minentibus
1042 510 1220 578 malis
1263 505 1605 574 avertendis
1630 504 1908 576 facienda
1943 514 2004 570 et
2042 501 2382 568 indicantes
2408 514 2471 569 et
2516 526 2645 569 cu-

627 634 880 708 rantes,
897 623 1069 690 unde
1097 623 1373 712 prodigia
1393 643 1721 709 procurare
1749 617 1837 709 2).
1882 620 1998 688 Ars
2022 616 2467 704 interpretandi
2493 639 2648 703 pro-

628 734 827 823 digia,
864 736 1253 825 haruspicina
1269 786 1287 822 ,
1314 735 1480 823 apud
1509 738 1790 801 Etruscos
1813 733 2248 819 antiquissimis
2271 730 2651 817 temporibus

626 851 938 937 praecipue
965 852 1202 922 exculta
1218 874 1250 935 3·
1269 849 1419 915 hinc
1444 849 1659 936 religio
1686 859 1926 916 mature
1949 848 2217 917 Romam
2242 844 2520 916 traducta
2542 893 2561 928 ,
2589 854 2652 908 et

629 964 856 1028 seriore
892 986 1137 1051 quoque
1180 984 1306 1033 aevo
1347 985 1494 1028 cum
1532 961 1941 1027 adolescentes
1975 959 2054 1026 ad
2097 958 2484 1045 disciplinam
2514 955 2652 1022 dis-

632 1075 894 1140 cendam
922 1076 989 1140 in
1010 1077 1318 1150 Etruriam
1339 1077 1536 1162 missi,
1560 1087 1697 1148 tum
1720 1096 1876 1161 saepe
1904 1073 2256 1160 haruspices
2277 1069 2426 1142 inde
2448 1063 2653 1138 arces-

637 1190 736 1262 siti
782 1187 871 1279 3).

728 1303 863 1389 Ipsa
900 1315 1108 1371 autem
1144 1304 1417 1392 prodigia
1439 1354 1456 1388 ,
1497 1305 1668 1393 quod
1696 1305 1948 1370 omnino
1986 1303 2065 1368 de
2095 1302 2374 1390 auguriis
2414 1300 2657 1366 omini-

608 1416 878 1504 ,busque
910 1418 1207 1503 diximus,
1235 1419 1594 1505 multiplicis
1626 1419 1904 1505 generis,
1934 1418 2231 1499 coelestia,
2260 1403 2621 1482 animalium
2639 1460 2657 1496 ,

640 1530 991 1622 plantarum
1017 1581 1035 1617 ,
1072 1543 1188 1598 etc.
1215 1581 1233 1616 ,
1263 1530 1526 1619 ideoque
1566 1531 1746 1598 variis
1784 1531 1981 1600 modis
2020 1539 2341 1616 procurata
2387 1524 2475 1615 4).
2521 1527 2660 1590 Huc

645 1643 967 1716 reserenda
1009 1645 1273 1733 fulguris
1303 1644 1613 1716 condendi
1642 1646 2026 1729 caeremonia,
2048 1669 2085 1711 a
2112 1667 2236 1732 quo
2262 1643 2410 1736 dicti
2437 1640 2663 1726 fulgu-

644 1768 872 1823 ratores
895 1808 911 1842 ,
934 1770 994 1823 et
1029 1782 1063 1823 e
1086 1760 1234 1824 locis
1257 1761 1551 1846 religiosis
1575 1760 1601 1850 (
1611 1767 1671 1851 §.
1700 1757 1847 1848 94.)
1870 1759 2144 1825 bidental
2169 1755 2258 1846 5).
2284 1754 2662 1841 Sedprima-

642 1872 811 1943 rium
853 1894 1084 1938 munus
1125 1875 1572 1962 Haruspicum,
1617 1874 1786 1946 unde
1827 1886 1889 1942 ot
1928 1873 2321 1959 haruspices,
2366 1879 2557 1956 Pul⁰2
2600 1876 2667 1930 ⁸²

646 1985 961 2070 extispices
984 1987 1303 2056 manifesto
1330 1970 1623 2080 dicuntur
1643 2037 1663 2073 ,
1696 1989 1971 2054 victimas
2009 1987 2311 2074 inspicere
2331 2033 2350 2069 ,
2373 1996 2434 2049 et
2474 1984 2542 2048 in
2567 1980 2663 2047 his

647 2099 928 2163 ominosa
958 2099 1345 2187 interpretari
1374 2100 1480 2191 6);
1523 2124 1647 2189 quo
1687 2101 2011 2175 referenda
2055 2112 2188 2172 exta
2214 2111 2386 2169 muta
2406 2146 2425 2185 ,
2463 2098 2626 2164 clara
2648 2144 2667 2181 ι

647 2223 898 2300 arguta3
926 2211 1121 2282 hostia
1146 2212 1215 2304 7)
1248 2216 1409 2305 litat,
1438 2226 1552 2282 etc.

741 2327 1153 2414 Haruspicum
1198 2330 1513 2418 religionis
1554 2329 1770 2399 similis
1810 2341 1996 2419 atque
2031 2331 2363 2420 Augurum
2395 2332 2459 2397 iu
2484 2352 2673 2417 repu-

646 2441 811 2514 blica
833 2442 974 2529 finis
991 2491 1008 2525 ,
1032 2445 1332 2529 populum
1357 2445 1782 2530 superstitione
1805 2469 2085 2513 coercere
2109 2444 2197 2534 8).
2225 2446 2345 2513 Sed
2368 2447 2673 2532 Augures,

650 2579 876 2643 magna
911 2558 978 2621 in
1002 2557 1368 2643 gravissimis
1401 2559 1588 2623 rebus
1609 2563 1966 2626 auctoritate
1990 2612 2006 2645 ,
2033 2561 2520 2642 honoratissimi,
2543 2560 2677 2623 Ha-

651 2671 922 2756 ruspices
963 2682 1172 2737 contra
1195 2721 1213 2757 ,
1240 2673 1712 2760 magistratuum
1748 2676 1933 2761 jussis
1962 2675 2317 2761 simpliciter
2352 2675 2676 2758 obtempe-

652 2793 860 2852 rantes
901 2782 1004 2874 9),
1045 2785 1359 2876 iidemque
1393 2809 1539 2854 cum
1565 2812 1856 2886 magnam
1892 2801 2125 2875 partem
2155 2788 2504 2874 peregrini,
2538 2799 2697 2852 tum.

649 2900 896 2985 privatis
926 2917 1172 2989 quoquo
1211 2903 1382 2989 vulgi
1422 2904 1952 2989 superstitionibus
1987 2903 2380 2967 inservientes
2420 2896 2566 2993 10),
2611 2911 2684 2964 ut

647 3012 995 3085 humilioris
1017 3016 1387 3081 conditionis
1414 3016 1735 3102 homines,
1768 3016 2344 3083 contemnebantur.

714 3126 862 3192 nef.
889 3129 1064 3178 Donat.
1090 3129 1150 3177 ad
1175 3130 1290 3179 Ter.
1315 3131 1524 3181 Phor-m.
1546 3130 1615 3194 4,
1638 3128 1700 3198 4,
1724 3131 1809 3180 29.
1831 3124 1968 3194 -21
1995 3131 2071 3179 Cf.
2097 3132 2183 3180 Cic
2204 3133 2266 3180 de
2288 3131 2475 3182 Divin.
2499 3128 2560 3191 1,
2581 3127 2683 3191 45,

647 3215 706 3279 2,
730 3217 823 3281 63,
844 3217 999 3266 Varro
1021 3220 1081 3267 do
1097 3219 1159 3267 L.
1183 3219 1243 3267 L.
1266 3220 1317 3283 6,
1363 3236 1416 3285 p.
1433 3219 1513 3283 19,
1531 3220 1667 3269 Suet.
1689 3223 1829 3286 Auq.
1854 3221 2010 3271 29.-
2028 3220 2081 3286 ὅ)
2099 3221 2305 3275 efiTao.
2326 3221 2468 3272 Ana.
2495 3216 2576 3280 11,
2602 3214 2685 3264 15.

646 3304 783 3370 -4)
809 3307 884 3354 Cf.
910 3307 1016 3355 Liv.
1036 3307 1101 3356 28
1122 3343 1138 3370 ,
1166 3306 1258 3370 11,
1282 3307 1413 3356 Ptin.
1442 3308 1517 3356 H.
1543 3307 1617 3357 N.
1643 3306 1674 3356 8
1695 3344 1710 3371 ,
1736 3308 1829 3372 45,
1853 3310 1958 3358 Cic.
1982 3310 2042 3358 do
2065 3309 2256 3358 Dicin.
2283 3306 2341 3370 1,
2377 3303 2468 3365 45,
2494 3304 2556 3366 2,
2582 3301 2683 3366 41,

652 3396 833 3444 Juven.
857 3396 923 3460 2,
959 3396 1047 3446 121
1072 3433 1088 3459 ‚
1114 3396 1176 3446 13
1195 3433 1210 3460 ,
1234 3396 1318 3445 62.
1336 3386 1471 3462 -ὲῆ
1509 3397 1585 3446 cr.
1612 3397 1717 3448 eie.
1741 3398 1802 3446 aa
1827 3399 2011 3448 nsvin.
2037 3398 2097 3460 Ξ,
2122 3397 2217 3458 53,
2254 3395 2433 3443 Juven.
2458 3392 2490 3440 o
2509 3428 2524 3452 ‚
2549 3389 2645 3445 δεῖ
2668 3427 2684 3451 ,

644 3486 774 3534 Plin.
793 3487 854 3548 2,
877 3484 942 3534 52
963 3491 1015 3534 et
1043 3483 1109 3534 54
1126 3522 1142 3547 ,
1160 3485 1306 3535 Pers.
1335 3485 1398 3552 2,
1422 3483 1524 3554 261,
1549 3485 1674 3535 Luc.
1705 3486 1731 3536 1
1757 3524 1772 3551 ,
1798 3487 1913 3536 606.
1936 3515 1997 3525 -
2016 3487 2068 3546 6)
2088 3486 2164 3534 Cf.
2186 3486 2309 3533 Luc.
2336 3483 2393 3545 1,
2413 3479 2527 3529 617.
2546 3505 2608 3517 -
2625 3477 2688 3543 7)

650 3575 726 3626 Cf.
751 3576 891 3627 Ovid.
913 3576 1046 3626 Mor.
1071 3573 1191 3638 XV,
1213 3573 1331 3624 794.
1354 3603 1414 3614 —
1442 3574 1495 3637 8)
1519 3575 1595 3623 Cf.
1622 3575 1727 3625 cic.
1753 3577 1814 3632 da
1839 3576 1915 3631 N.
1941 3578 2015 3627 D.
2044 3575 2101 3641 1,
2127 3575 2209 3629 26.
2231 3572 2375 3631 -9)
2399 3569 2474 3619 Cf.
2500 3569 2604 3626 Cic.
2624 3570 2689 3618 do

648 3665 721 3715 Ν.
748 3667 822 3719 D.
843 3666 905 3731 2,
929 3664 978 3716 4.
997 3691 1061 3703 --
1082 3663 1166 3725 10)
1186 3662 1263 3712 Cf.
1290 3663 1484 3713 Colum.
1513 3665 1534 3714 1
1561 3701 1576 3728 ‚
1601 3664 1653 3714 8.

726 3760 876 3823 322.
892 3760 985 3822 ne
1000 3753 1505 3842 quindecimviris
1523 3754 1657 3819 haec
1679 3754 1964 3822 tenenda.
1982 3757 2234 3825 Vetusta
2256 3764 2387 3817 erat
2408 3752 2569 3816 fama
2598 3748 2687 3839 1),

647 3874 1059 3960 Tarquinium
1100 3870 1486 3957 Superbum,
1533 3869 1822 3959 (quidam
1845 3919 1862 3954 ,
1894 3880 1964 3934 ut
1991 3867 2378 3951 Lactantius,
2404 3866 2685 3930 Priscum

653 3986 986 4075 tradunt,)
1017 3989 1133 4053 tria
1182 3987 1574 4052 oraculorum
1612 3983 1923 4072 Erythreae
1966 3979 2032 4069 2)
2076 3982 2323 4070 Sibyllae
2366 3981 2685 4046 volumina

653 4104 896 4187 emisse,
923 4101 990 4172 in
1015 4102 1242 4189 quibus
1291 4098 1588 4172 Romanis
1627 4117 1980 4190 persuasum
2005 4094 2162 4181 fuit,
2204 4096 2398 4161 multa
2435 4092 2511 4159 de
2547 4093 2685 4162 fatis
