3111 4829
1335 414 1549 498 (3¹)

438 550 621 636 cujus
641 559 880 616 montes
907 547 1140 616 Bascisi
1164 596 1182 632 ,
1207 546 1447 612 flumen
1480 545 1809 633 Paliurus,
1846 547 2031 615 urbes
2054 559 2080 637 (
2106 549 2178 617 in
2214 549 2452 619 charta

325 690 329 697 ·
435 662 789 730 D’Anviu.
820 661 948 742 >ad
972 684 1144 728 mare
1163 661 1363 727 Gonia
1382 708 1401 744 ‚
1427 660 1799 726 Heracleum
1824 709 1842 745 ,
1869 661 2115 748 Hippon
2138 711 2156 747 ,
2197 664 2457 731 interius

438 779 709 844 Ammon
732 789 793 844 et
813 776 1142 843 Alexandri
1172 775 1414 858 Castra3
1456 774 1789 861 Cyrenaica
1837 771 2124 862 (propria
2149 822 2176 854 ,
2222 780 2459 847 Penta...

437 890 641 980 polis),
657 916 692 959 a
714 891 1071 958 Marmarica
1090 887 1170 955 ad
1189 888 1397 978 Syrtin
1420 886 1742 972 majorem,
1759 887 1921 954 infra
1943 890 2461 979 Peloponnesum,

437 1007 621 1092 cujus
641 1006 824 1071 urbes
848 1004 1089 1093 Cyrene
1107 1052 1126 1087 ,
1155 1001 1236 1068 ad
1271 1025 1441 1067 mare
1486 1002 1786 1068 Berenice
1817 1001 2231 1093 (Hesperia),
2276 1007 2461 1074 Arsi...

440 1144 560 1188 noe
574 1167 601 1198 ,
632 1118 956 1186 Ptolemais
975 1167 994 1202 ,
1016 1115 1306 1204 Apolinia
1328 1164 1346 1200 ,
1367 1116 1609 1182 Darnis.

532 1235 641 1301 36.
690 1234 917 1299 Africae
949 1231 1260 1321 (propriae)
1298 1231 1580 1315 faciunt,
1627 1251 1769 1318 quse
1810 1229 1973 1297 inter
2013 1232 2410 1320 cyrenaicam
2429 1284 2458 1316 ,

436 1349 674 1415 flumen
684 1347 945 1413 Tuscam
963 1355 1026 1410 et
1044 1345 1251 1434 Libyae
1270 1344 1527 1410 deserta.
1551 1342 1838 1411 Flumina
1864 1345 2204 1434 Cyniphus,
2226 1350 2461 1436 Triton,

438 1461 717 1550 Bagrada
733 1511 751 1546 ,
771 1463 942 1527 lacus
964 1459 1193 1525 Zuehis
1211 1507 1228 1542 ,
1253 1459 1517 1524 Tritonis
1544 1460 1721 1545 palus
1744 1506 1762 1541 ,
1782 1459 1989 1547 Libyae
2016 1464 2210 1547 palus.
2238 1463 2315 1529 In
2347 1486 2463 1530 re-

436 1575 726 1662 gionibus
765 1573 1025 1660 Tripolis
1061 1570 1561 1657 (Tripolitana),
1609 1571 1771 1636 inter
1817 1573 2020 1659 Syrtes
2059 1576 2358 1661 majorem
2400 1589 2465 1643 et

440 1688 747 1753 minorem
769 1736 788 1773 ,
809 1687 921 1753 ubi
941 1685 1144 1772 Leptis
1167 1707 1393 1772 magna
1415 1696 1479 1751 et
1502 1683 1640 1751 OEa
1664 1733 1683 1769 ,
1714 1686 2053 1773 Zeugitana
2076 1737 2094 1769 ‚
2126 1689 2237 1754 ubi
2259 1692 2463 1779 Hippo

438 1800 795 1890 Diarrhytos
814 1850 833 1885 ‚
857 1800 1032 1867 Utica
1055 1849 1074 1884 ‚
1096 1798 1397 1887 Carthago
1417 1848 1436 1883 ‚
1457 1798 1664 1866 Tunes
1684 1848 1703 1883 ,
1727 1800 1904 1887 Aspis
1930 1850 1948 1884 ‚
1969 1802 2297 1890 Neapolis3
2339 1807 2462 1871 Bi..

437 1917 680 1982 2acium
702 1963 720 1999 ,
755 1914 866 1981 ubi
903 1912 1312 1979 Adrumetum
1342 1962 1361 1997 ,
1389 1913 1593 2000 Leptis
1621 1913 1826 1978 minor
1846 1962 1864 1998 ,
1910 1913 2184 2001 Thapsus
2204 1965 2222 2001 ,
2245 1918 2419 1985 Sicca
2443 1970 2464 2005 ,

434 2031 622 2095 Zama
650 2075 669 2111 ‚
697 2026 981 2117 Tysdrus.
1036 2027 1276 2092 Bizacio
1310 2027 1513 2091 vicina
1549 2025 1754 2092 insula
1779 2027 1999 2092 Ceriua
2019 2076 2038 2112 ,
2075 2029 2465 2116 Tripolitana}

432 2140 704 2208 Meninx.
738 2138 1031 2205 Numidia
1050 2163 1089 2205 a
1109 2138 1452 2224 Zeugitana
1472 2136 1550 2201 ad
1572 2137 1812 2202 flumen
1834 2139 2207 2226 Ampsagam
2228 2174 2245 2225 ;
2273 2142 2468 2230 hujus

439 2278 595 2344 gens
614 2253 1098 2341 Massyli,·urbes
1135 2252 1342 2337 Hippo
1383 2250 1627 2336 Regius
1649 2297 1668 2331 ,
1702 2248 1869 2316 Cirta
1888 2298 1907 2333 ,
1947 2252 2168 2338 Tibili,
2200 2255 2414 2342 Tipasa
2442 2323 2464 2358 ,

427 2367 767 2434 Lambaesa.
797 2363 1161 2431 Mauritania
1188 2386 1227 2429 a
1252 2361 1511 2434 Claudio
1543 2361 1612 2427 in
1648 2362 1988 2449 provincias
2032 2364 2466 2438 Caesariensem

432 2493 499 2546 et
525 2482 575 2545 T
578 2480 917 2567 ingitanam
945 2477 1154 2543 divisa.
1200 2476 1625 2558 Caesariensis(
1653 2478 2011 2567 Massaesylia
2042 2476 2067 2567 )
2105 2481 2270 2546 inter
2296 2483 2468 2549 Am·-

436 2614 688 2681 psagam
712 2604 774 2657 et
796 2589 1098 2693 Maluam3
1121 2591 1189 2654 in
1214 2592 1449 2656 caeteris
1471 2589 1838 2655 fluminibus
1855 2591 2147 2659 Mulucha
2176 2605 2238 2660 et
2254 2596 2467 2685 Savus,

438 2719 654 2796 gentes
683 2706 1003 2794 Massaesyli
1033 2716 1096 2770 et
1115 2704 1419 2788 Numidae,
1444 2705 1629 2770 urbes
1651 2705 1730 2770 ad
1752 2727 1923 2772 mare
1941 2709 2175 2796 Igilgili
2198 2712 2466 2799 ‚Saldae,

438 2805 740 2905 caesara,
759 2821 1059 2886 Cartenna
1080 2864 1100 2904 ,
1118 2818 1293 2906 Siga,
1309 2817 1570 2884 interius
1589 2819 1831 2907 Hippa,
1861 2821 2096 2907 Auzea,
2121 2823 2428 2893 Thubnna
2446 2876 2467 2912 ,

438 2936 620 3001 sitifi.
651 2934 992 3020 Tingitanae
1020 2934 1432 3018 (Mauritania
1458 2935 1703 3022 propria
1724 2982 1742 3018 ,
1787 2932 1957 3000 Fon
1981 2946 2045 3001 et
2068 2936 2423 3026 May-oceo)
2447 2990 2467 3025 ,

437 3072 477 3113 a
508 3049 707 3114 Malua
751 3046 832 3112 ad
870 3068 1041 3112 mare
1085 3045 1466 3113 Atlanticum
1491 3096 1509 3131 ,
1553 3070 1732 3114 mous
1781 3049 1988 3136 Atlas,
2030 3051 2206 3117 fluvii
2251 3055 2425 3121 Laud
2449 3109 2468 3144 ‚

444 3163 694 3249 Subur,
740 3165 879 3229 Sala
902 3210 922 3248 ,
994 3183 1145 3250 gens
1196 3164 1397 3229 Mauri
1449 3166 1799 3250 (Maurusii
1827 3163 1852 3254 )
1879 3215 1899 3253 ,
1975 3179 2217 3235 montes
2270 3170 2471 3261 Abyla

450 3275 676 3366 (Cento
698 3325 717 3361 ,
764 3288 985 3344 contra
1035 3276 1350 3363 Calpen),
1403 3276 1792 3345 Arsinarium
1815 3304 1833 3364 3
1886 3280 2074 3346 urbes
2113 3281 2194 3348 ad
2235 3285 2480 3353 fretum'

441 3390 822 3457 Gaditanum
851 3389 1065 3478 Tingis
1085 3438 1103 3474 ,
1156 3390 1226 3455 in
1255 3412 1363 3458 ora
1412 3394 1709 3459 Atlantici
1744 3395 1923 3479 Zilis,
1970 3395 2205 3463 Banasa
2230 3446 2250 3482 ,
2304 3399 2466 3469 Sala.
2505 3441 2512 3447 ·

441 3507 640 3592 Prope
677 3506 1069 3592 Tingitanam
1114 3504 1182 3569 in
1212 3503 1519 3572 Atlantico
1564 3506 1784 3573 insulas
1808 3508 2204 3595 Purpurariae
2252 3510 2470 3586 (Gor—

444 3618 631 3708 gades
648 3620 897 3685 sortasse
911 3629 973 3683 et
996 3616 1439 3704 Hesperides),
1471 3640 1742 3707 quarum
1765 3620 1956 3687 altera
1979 3621 2217 3711 Cerne(
2238 3622 2471 3693 Made-

442 3733 556 3822 να)
582 3757 602 3819 3
629 3732 730 3798 his
758 3731 838 3798 ad
864 3730 1186 3799 Meridiem
1223 3733 1548 3799 fortunatae
1567 3782 1588 3820 ,
1630 3735 1700 3800 in
1727 3734 1959 3823 quihus
1980 3733 2272 3804 Ombrios
2295 3788 2315 3826 ,
2339 3741 2471 3809 Ca-
2537 3789 2546 3796 ,
2607 3727 2614 3732 ’

438 3848 642 3936 pratia
670 3895 689 3931 ,
725 3847 1005 3914 Canaria.

532 3964 733 4050 Supra
781 3961 1136 4029 Numidiam
1183 3973 1247 4029 et
1304 3963 1739 4032 Mauritaniam
1806 3964 2089 4035 Gaetulia.
2150 3969 2470 4037 Interioris

440 4079 671 4150 Africae
696 4077 961 4145 flumina
1002 4077 1318 4167 Cyniphus
1363 4090 1426 4145 et
1465 4079 1742 4168 Bagrada
1767 4130 1786 4166 ‚
1825 4104 1862 4150 a
1901 4086 2259 4151 memoratis
2283 4106 2468 4169 supra
