3111 4829
1484 386 1735 471 (118)

588 522 886 587 posuere,
925 504 1216 575 defuncto
1260 514 1788 603 praeferebantur,
1835 531 2129 588 eaeterum
2181 523 2269 587 in
2291 528 2615 617 armariis,

588 616 893 703 inscriptis
920 620 1145 707 titulis,
1168 637 1413 691 servatae
1441 627 1710 712 ,additis
1743 644 1806 696 et
1834 635 2212 701 familiarum
2255 639 2382 704 sive
2431 640 2609 708 ima-

589 729 838 814 ginibus
874 733 1049 817 pictis
1094 737 1217 802 sive
1244 742 1604 807 nominibus
1641 755 1883 811 tantum
1912 795 1932 832 ,
1969 769 2111 836 qun
2151 754 2613 850 stemmatibus,

587 838 802 929 (unde
825 855 1122 934 stemma,
1168 852 1344 939 stirps
1361 852 1424 940 ,)
1474 855 1706 942 illigata
1751 881 1896 925 cum
1944 863 2235 947 protomis
2264 878 2613 932 connecte—
2688 895 2692 898 ’

585 951 814 1019 bantur
842 955 956 1045 3)·
937 1008 958 1043 ‚
998 959 1145 1028 hinc
1182 965 1436 1031 fumosae
1481 968 1828 1057 imagines,
1863 971 2049 1038 homo
2078 977 2462 1043 multarum
2442 1001 2611 1046 rma-

590 1067 811 1152 ginum
835 1119 856 1156 ,
895 1083 1014 1144 etc.

657 1281 709 1346 1)
743 1285 848 1334 Cic.
876 1286 1300 1359 Vm.5‚14‚00
1318 1302 1640 1347 consecutum
1658 1299 1895 1364 pradicat
1916 1307 2081 1366 togam
2095 1306 2610 1369 promtam,nllam

590 1374 821 1422 curulem
838 1409 857 1439 ‚
879 1377 976 1438 jus
1005 1382 1251 1446 imaqn'ms
1280 1388 1352 1435 ad
1382 1391 1676 1438 memoriam
1704 1392 2141 1455 posteritatemque
2153 1393 2447 1456 pwdtndoe·
2469 1421 2531 1433 ·-
2554 1396 2606 1461 2)

588 1459 1330 1534 cf.Cio.cae.1‚11‚Sau.B.
1357 1476 1526 1542 0.,27
1548 1478 1731 1527 «iuven.
1755 1478 1867 1529 Sat.
1892 1479 1955 1545 8,
1976 1479 2167 1530 237.—
2181 1481 2337 1545 5)OE
2355 1481 2486 1531 Ρ1111
2510 1481 2612 1549 55,

589 1544 659 1614 Β,
678 1550 804 1601 Seu.
824 1552 1084 1622 deBenef.
1107 1561 1174 1627 δ,
1198 1564 1298 1630 28,
1317 1565 1501 1617 Juven.
1523 1565 1637 1617 Sat.
1658 1568 1710 1619 8.
1729 1569 1842 1618 init.

684 1717 834 1782 133.
884 1720 1161 1787 Patriciis
1206 1727 1378 1812 plebs
1403 1775 1421 1811 ,
1473 1729 1710 1794 senatui
1734 1778 1753 1814 ,
1816 1741 1889 1795 ut
1950 1730 2215 1798 diximus
2237 1780 2257 1817 ,
2312 1734 2576 1819 populus
2597 1788 2618 1822 ‚

588 1827 757 1893 unde
790 1843 1007 1900 notum
1033 1837 1188 1902 illud
1212 1853 1480 1906 senatus
1488 1845 1897 1933 populusque
1916 1845 2267 1912 Romanus
2281 1891 2309 1923 ,
2352 1846 2616 1932 opponi-

588 1950 692 2003 tur
718 1988 739 2027 ‚
798 1945 945 2011 alias
987 1961 1266 2015 senatum
1307 1953 1511 2040 ipsum
1559 1955 2091 2042 comprehendens
2155 1955 2246 2047 1).
2310 1956 2610 2040 Quaedam

587 2057 866 2123 notiones
886 2064 1160 2152 utrisque
1180 2068 1519 2152 vocabulis,
1552 2080 1614 2134 et
1643 2069 2026 2136 diminutivis
2055 2071 2240 2137 etiam
2259 2120 2277 2156 ,
2306 2071 2615 2158 popellus,

588 2169 909 2253 plebecula
934 2225 953 2261 ,
992 2199 1371 2248 communes.
1404 2183 1710 2249 Tribuum
1730 2182 1939 2250 habita
1979 2185 2213 2250 ratione
2262 2184 2288 2273 (
2306 2186 2367 2271 ς.
2406 2178 2601 2270 143.)

587 2280 1052 2374 distinguuntur
1067 2294 1240 2379 plebs
1260 2296 1497 2363 urbana
1513 2308 1575 2362 et
1602 2299 1847 2363 rustica.
1871 2299 2148 2384 PlebeJos
2167 2298 2343 2363 initio
2370 2306 2606 2378 senatu,

588 2400 1041 2484 magistratibus
1081 2417 1143 2471 et
1190 2409 1539 2476 sacerdotiis
1567 2414 1837 2478 exclusos
1884 2396 2170 2477 diximus.
2221 2409 2606 2498 Reipublicae

586 2511 872 2596 regendae
894 2527 1102 2582 utrum
1121 2522 1446 2607 participes
1464 2534 1607 2588 ante
1626 2525 1910 2589 Servium
1936 2524 2213 2588 Tullium
2232 2524 2378 2608 jure
2397 2523 2609 2588 suflra-

588 2622 676 2708 gii
716 2625 982 2710 fuerint,
1016 2652 1093 2694 an
1130 2632 1181 2695 is
1223 2644 1578 2718 potestatem
1608 2656 1824 2699 eorum
1852 2636 2091 2699 auxerit
2111 2645 2354 2698 tantum
2375 2684 2396 2719 ,
2439 2657 2605 2699 anne

563 2745 798 2800 *contra
846 2738 1271 2828 imminuerit,
1334 2746 1515 2808 variae
1563 2757 1710 2809 sunt
1791 2747 2205 2811 recentiorum
2264 2746 2603 2812 sententiae.

585 2845 863 2931 Expulsis
903 2862 1114 2918 autem
1146 2857 1523 2943 Tarquiniis),
1558 2858 1752 2944 plebis
1773 2858 2020 2946 libertas
2040 2860 2314 2946 primum
2366 2859 2608 2946 legibus

586 2957 885 3054 defensa(
906 2969 968 3053 ς.
999 2965 1155 3056 71.)
1185 2992 1203 3052 3
1234 2991 1374 3034 mox
1404 2970 1590 3036 etiam
1628 2994 1739 3058 per
1775 2973 2080 3039 Tribunos
2110 2973 2303 3061 plebis
2337 2973 2607 3061 potentia

587 3094 835 3162 quoque
864 3080 1133 3146 accessit.
1166 3083 1327 3149 Hinc
1363 3096 1732 3170 perpetuum
1768 3107 1917 3151 cum
1945 3087 2216 3173 patriciis
2256 3098 2568 3152 certamen
2590 3135 2609 3171 ,

584 3185 782 3253 donec
818 3189 1106 3259 ordinum
1137 3195 1281 3280 jura
1306 3198 1433 3262 fere
1469 3210 1730 3286 aequata.
1769 3199 2184 3266 Nihilominus
2213 3201 2602 3288 plebejorum

588 3299 855 3382 conditio
877 3304 945 3367 in
973 3306 1165 3372 libera
1212 3330 1458 3396 quoque
1492 3312 1733 3376 civitate
1760 3311 1871 3378 diu
1903 3313 2245 3380 miserrima
2282 3313 2607 3399 reperitur.

589 3412 784 3497 Cujus
822 3415 913 3480 rei
953 3418 1109 3483 sicut
1137 3422 1535 3506 patriciorum
1562 3425 1810 3489 invidiae
1833 3450 2015 3493 causa
2055 3427 2409 3515 praecipua,
2443 3424 2608 3511 quod

587 3526 925 3592 maximam
956 3543 1192 3616 partem
1227 3557 1347 3601 aere
1394 3536 1595 3601 alieno
1632 3537 1972 3603 laborantes
2022 3538 2251 3625 plebeji
2276 3585 2294 3620 ,
2322 3534 2403 3600 ob
2432 3553 2607 3599 eam-

589 3658 711 3724 que
735 3662 866 3705 rem
891 3646 1160 3729 patriciis
1180 3697 1199 3732 ,
1243 3661 1452 3737 utpote
1475 3649 1831 3736 ditioribus,
1862 3652 2138 3735 obnoxii,
2169 3673 2241 3714 eo
2271 3649 2612 3736 impensius

587 3751 959 3822 vexabantur
981 3807 1000 3843 ,
1035 3783 1159 3848 quo
1179 3764 1457 3831 acerbior
1494 3777 1626 3844 erat
1658 3767 1872 3854 legum
1900 3766 1967 3830 in
2009 3764 2301 3830 obaeratos
2325 3762 2614 3830 severitas

591 3860 696 3952 (ς.
743 3867 903 3955 72.)

657 4072 1077 4151 1)cs.eeu.1o‚
1108 4085 1193 4136 so.
