3111 4829
1344 409 1371 488 (
1412 411 1534 473 229
1573 410 1600 493 )

469 545 538 606 in
572 544 850 629 regiones
871 591 891 626 ,
927 557 1061 608 una
1101 544 1167 607 in
1203 544 1459 630 singulis
1496 540 1924 629 jurisdictione
1946 588 1964 624 ,
2013 539 2223 606 divisa.
2262 542 2335 606 In
2384 540 2483 606 his

472 656 664 741 igitur
712 668 773 721 et
793 658 899 741 jus
945 657 1182 723 dicebat
1221 669 1281 722 et
1310 658 1493 722 simul
1539 657 1654 722 alia
1687 655 2047 739 ordinabat3
2081 653 2247 719 unde
2289 653 2487 719 adve—

471 769 680 833 niente
718 792 791 833 eo
841 771 1129 856 frequens
1160 770 1485 835 hominum
1516 792 1848 834 concursus
1892 770 1958 832 in
2006 769 2273 834 civitates
2295 817 2312 850 ,
2350 787 2491 858 qnae

476 885 557 948 ob
593 907 730 949 eam
764 908 894 950 rem
929 897 1265 950 conventus
1299 882 1401 972 1),
1437 883 1788 970 jurisdictio
1834 883 2015 946 etiam
2058 879 2142 969 2)
2188 892 2249 946 et
2288 883 2492 945 forum

478 997 835 1084 adpellatae3
888 999 1057 1064 unde
1098 1010 1468 1064 conventum
1492 1048 1510 1082 ‚
1541 1001 1746 1062 forum
1794 997 2065 1063 indicere
2088 1045 2106 1080 ‚
2141 1020 2323 1083 agere
2363 1000 2448 1086 3)
2475 1047 2494 1081 ,

480 1134 796 1177 assessores
822 1111 1134 1178 honorarii
1157 1163 1174 1197 ‚
1192 1105 1650 1198 ¹recuperatores
1668 1161 1686 1196 ‚
1715 1112 2062 1177 consilium.
2092 1110 2326 1193 Quodsi
2358 1111 2497 1175 bel-

477 1228 609 1292 lum
634 1277 651 1312 ,
700 1238 772 1292 ut
811 1229 941 1293 fere
992 1229 1060 1294 in
1097 1229 1325 1293 finibus
1369 1228 1670 1314 Imperii,
1709 1226 2050 1314 gerendum
2097 1236 2290 1309 esset,
2347 1225 2498 1290 huic

482 1352 650 1407 aestas
678 1341 937 1408 dabatur
957 1392 974 1426 ‚
1001 1343 1281 1408 civilibus
1310 1343 1571 1428 negotiis
1596 1343 1664 1405 in
1694 1340 1964 1405 hiemem
1994 1339 2206 1404 delatis
2233 1337 2322 1427 4).

575 1455 732 1536 Quae
756 1467 966 1520 autem
994 1456 1070 1521 ad
1095 1456 1324 1520 reditus
1349 1454 1627 1540 publicos
1656 1453 2044 1538 spectabant,
2069 1475 2142 1516 ea
2172 1474 2296 1516 non
2320 1451 2501 1518 Reo-

483 1581 613 1654 tor,
644 1569 747 1634 sed
789 1570 1067 1651 Quaestor
1102 1571 1238 1656 ejus
1272 1571 1523 1635 curabat
1551 1568 1650 1659 (§.
1695 1565 1927 1656 213.),
1971 1568 2269 1632 exercitus
2313 1567 2500 1631 etiam

488 1682 787 1768 stipendio
849 1695 910 1748 et
969 1685 1337 1749 commeatui
1400 1682 1772 1769 prospiciens
1797 1731 1816 1766 ,
1872 1682 2092 1767 majori
2146 1682 2503 1745 auctoritate

489 1818 676 1882 quam
704 1797 928 1862 urbani
947 1797 1337 1881 ‚Quaestores‚
1376 1798 1692 1862 lictoribus
1715 1845 1734 1879 ,
1773 1807 1835 1861 et
1870 1796 2194 1884 quaesitum
2212 1843 2231 1877 ,
2254 1816 2334 1859 an
2359 1795 2505 1859 sella

492 1910 677 1974 etiam
714 1912 921 1978 curuli
958 1933 1104 1975 usus
1154 1907 1266 1999 5),
1302 1932 1420 1974 nec
1460 1921 1585 1976 tam
1628 1910 1878 1976 Rectori
1924 1930 2110 1994 quam
2152 1906 2506 1993 reipublicae

494 2025 794 2089 rationem
823 2022 1363 2088 administrationis
1392 2023 1654 2087 reddens
1672 2072 1690 2106 ‚
1718 2021 1884 2087 idem
1922 2034 2129 2086 tamen
2170 2033 2333 2087 arcta
2363 2022 2508 2107 ple-

492 2160 758 2224 rumque
799 2135 1248 2200 necessitudine
1279 2159 1425 2200 cum
1454 2137 1560 2200 illo
1585 2136 1954 2219 conjunctus
1980 2133 2067 2223 6).
2093 2137 2169 2204 In
2199 2135 2507 2221 provincia

494 2249 782 2314 morienti
818 2239 1224 2312 successorem
1245 2248 1375 2334 ipse
1398 2250 1624 2313 Rector
1644 2247 2077 2334 Proquaestoris
2108 2249 2359 2311 nomine
2385 2247 2513 2312 da·-

492 2359 637 2443 bat3
665 2380 738 2424 ac
766 2358 816 2421 si
843 2357 1266 2444 contingeret,
1297 2358 1486 2444 ipsius
1509 2381 1917 2425 successorem
1957 2361 2149 2425 serius
2185 2359 2506 2442 advenire,

497 2474 878 2555 Quaestorem
910 2474 1275 2561 plerumque
1299 2474 1600 2539 vicarium
1627 2474 2011 2562 relinquebat
2034 2474 2131 2565 (ς.
2164 2469 2359 2561 213.)
2379 2472 2510 2539 Sub

498 2586 810 2669 Quaestore
833 2597 894 2650 et
917 2587 1021 2652 alii
1047 2586 1417 2673 adparitores
1437 2599 1499 2652 et
1526 2589 1863 2654 scribarum
1888 2588 2239 2655 multitudo.

561 2723 613 2790 1)
634 2724 711 2774 Cf.
729 2723 1143 2791 Juven.8‚120.
1163 2754 1228 2766 —
1250 2726 1305 2790 9)
1324 2726 1402 2776 Cf.
1424 2726 1558 2777 Plin.
1579 2727 1655 2777 H.
1679 2727 1753 2778 Ν.
1777 2727 1926 2794 5,1‚
1949 2727 1982 2779 5
2000 2765 2016 2791 ,
2039 2728 2122 2777 28.
2141 2755 2202 2766 —-
2225 2727 2279 2793 8)
2303 2727 2378 2777 Cf.
2402 2727 2505 2775 cto.

494 2817 565 2864 ad
584 2816 690 2864 Art.
713 2814 764 2877 5,
784 2815 866 2876 21,
897 2815 1046 2863 Verr-
1065 2815 1118 2877 5,
1144 2815 1224 2879 11,
1242 2816 1364 2866 Cres.
1385 2819 1446 2866 de
1461 2819 1526 2867 B.
1555 2818 1621 2867 G.
1649 2817 1795 2883 1‚54,
1816 2818 1869 2881 6,
1892 2817 2039 2867 44.-
2059 2816 2112 2878 4)
2133 2816 2377 2881 Regendas
2394 2832 2511 2882 pro·

492 2904 667 2951 vinciae
698 2919 877 2951 munus
899 2903 1102 2951 erudite
1136 2906 1417 2969 complexus
1437 2906 1673 2955 Beausort
1692 2922 1742 2955 v.
1781 2908 1832 2954 2.
1869 2922 1923 2971 p.
1947 2906 2063 2956 556.
2087 2922 2198 2969 sqq.
2224 2943 2240 2969 ‚
2263 2905 2511 2954 Ciceronis

502 2998 684 3041 castam
724 2992 1092 3056 sapientemque
1132 2992 1601 3044 administrationem
1624 3029 1642 3059 ‚
1678 3011 1738 3044 ex
1775 2995 1925 3060 ipsius
1957 2995 2175 3060 epistolis
2212 2995 2469 3043 collectam
2492 3032 2508 3059 ,

499 3096 796 3147 proponens.
823 3108 883 3118 —
903 3081 967 3143 5)
991 3081 1067 3130 Cf.
1092 3082 1262 3133 Βοαιιί.
1284 3142 1287 3145 Α
1306 3099 1355 3134 v.
1382 3084 1433 3134 2.
1455 3101 1569 3150 pag.
1607 3083 1723 3137 549.
1746 3112 1807 3127 -—
1827 3085 1881 3152 Β)
1905 3085 1980 3134 Cf.
2020 3084 2126 3134 Cic.
2153 3083 2304 3134 Vm.
2330 3085 2389 3148 1,
2414 3083 2504 3147 15,

499 3171 682 3225 Dicin.
710 3170 789 3221 18.

585 3287 739 3350 250.
789 3286 1064 3349 Durante
1104 3307 1364 3353 munere
1392 3289 1718 3355 Rectorem
1761 3302 2004 3356 senatus
2033 3302 2140 3354 aut
2171 3289 2380 3381 populi
2407 3289 2510 3352 in-

493 3400 666 3484 jussu
692 3402 1013 3487 provinciae
1036 3403 1191 3467 fines
1214 3402 1419 3491 egredi
1444 3405 1534 3468 lex
1559 3404 1797 3471 vetabat
1823 3402 1917 3491 1);
1944 3427 2108 3469 anno
2132 3405 2331 3490 elapso
2351 3452 2369 3487 ‚
2391 3403 2510 3472 nisi

496 3515 829 3601 imperium
852 3564 871 3600 ‚
893 3528 964 3581 ut
984 3515 1351 3603 quandoque
1373 3516 1557 3593 fiebat
1579 3565 1597 3598 ‚
1619 3527 2008 3604 prorogatum
2035 3565 2053 3601 ,
2075 3516 2234 3582 intra
2259 3516 2509 3601 triginta

501 3626 630 3694 dies
660 3630 1040 3714 discedebat,
1075 3630 1140 3694 in
1183 3630 1344 3695 binis
1381 3630 1725 3696 civitatibus
1767 3632 2158 3717 perscriptam
2199 3630 2509 3696 adminis-

497 3742 771 3814 trationis
825 3747 1122 3813 rationem
1170 3746 1520 3833 relinquens
1543 3795 1562 3829 ,
1609 3745 1853 3813 tertiam
1896 3748 2115 3811 Romae
2159 3746 2226 3808 in
2269 3746 2508 3811 AErario

395 3931 403 3938 ,
496 3859 876 3945 depositurus
901 3861 990 3951 2).
1015 3865 1225 3952 Neque
1249 3864 1328 3928 ab
1355 3863 1484 3949 ipso
1510 3874 1749 3927 tantum
1771 3863 1923 3928 ratio
1945 3863 2318 3949 exigebatur,
2341 3861 2445 3927 sed
2466 3884 2505 3930 a

494 3971 733 4058 Lagaris
765 3998 1007 4064 quoque
1043 3976 1385 4061 interdum,
1412 3988 1471 4041 et
1495 3977 1543 4040 si
1566 3978 1675 4063 qui
1717 3999 1789 4041 ex
1818 3976 2208 4041 inferioribus
2230 3974 2491 4062 suspecti

496 4082 866 4155 haberentur
904 4092 994 4176 3).
1027 4091 1292 4179 Imperio
1315 4102 1474 4157 caste
1503 4102 1566 4157 et
1585 4093 1918 4161 clementer
1952 4092 2078 4176 usi,
2100 4113 2224 4180 quo
2248 4089 2501 4161 rariores
