3111 4829
1532 390 1564 471 (γ
1597 389 1716 452 418
1752 391 1780 467 )

643 549 781 594 mus
812 527 907 619 (§.
938 525 1137 615 378.)
1176 525 1262 591 Ex
1304 523 1402 588 his
1431 534 1721 609 superant
1739 521 1954 588 Catoni
1978 570 1997 608 ,
2040 533 2203 589 sexto
2240 523 2412 588 urbis
2445 528 2681 593 saeculo

639 642 882 708 florenti
907 690 925 727 ,
953 663 1078 706 non
1103 641 1244 706 satis
1266 649 1432 705 certe
1459 637 1842 704 adtributum
1868 686 1886 721 ,
1923 648 1985 701 et
2016 638 2312 708 Varronis
2330 686 2348 722 ,
2384 639 2681 708 Ciceroni

641 756 927 844 aequalis,
981 755 1061 821 ds
1111 753 1209 820 Rs
1260 751 1539 819 Rustica
1598 753 2004 838 opusculum·
2041 753 2317 821 Varrone
2380 755 2685 839 posterior

647 869 984 937 Columella
1008 917 1027 954 ‚
1068 869 1250 955 cujus
1286 869 1586 934 librorum
1625 868 1880 932 ultimus
1908 889 2123 953 poema
2154 867 2232 932 de
2265 867 2466 933 Cultu
2487 868 2684 933 Ilor-

643 998 859 1051 torum
879 1010 906 1064 ,·
938 985 1276 1056 Columella
1307 983 1600 1068 posterior
1631 982 1936 1047 Palladius
1966 981 2240 1048 Rutilius
2261 1030 2279 1065 ‚
2310 983 2493 1067 cujus
2520 984 2682 1048 item

640 1100 898 1164 ultimus
923 1099 1080 1162 liber
1111 1096 1189 1162 de
1213 1095 1539 1161 [mitione
1566 1097 1754 1182 ligata
1783 1096 2078 1162 oratione.
2107 1097 2158 1160 E
2181 1098 2377 1182 poetis
2404 1098 2482 1163 ad
2504 1098 2684 1185 agri-
2739 1179 2744 1184 A

640 1214 951 1277 culturam
982 1211 1293 1296 pertinent
1307 1210 1558 1297 Virgilii
1589 1207 1933 1299 Georgica.

736 1353 885 1414 420.
936 1348 1223 1414 Medendi
1242 1343 1435 1414 artem
1456 1349 1676 1413 Romae
1701 1347 1899 1413 Graeci
1928 1349 2055 1413 fere
2078 1398 2096 1432 ,
2128 1351 2276 1414 etin
2299 1349 2398 1413 his
2424 1370 2676 1437 quoque

642 1465 796 1529 servi
835 1466 1097 1528 maxime
1143 1476 1252 1529 aut
1291 1463 1605 1544 libertini,
1657 1462 1737 1527 ab
1774 1472 2041 1527 extrema
2080 1463 2361 1528 libertate
2412 1464 2683 1551 ingenui

639 1579 826 1643 etiam
859 1578 1261 1660 exercebant,
1304 1600 1452 1642 cum
1493 1577 1639 1641 artis
1674 1575 1906 1641 honore
1934 1587 2248 1641 crescente
2286 1576 2683 1644 medicorum

638 1716 900 1760 numero
924 1743 942 1777 ‚
993 1689 1326 1779 privilegiis
1375 1695 1561 1758 etiam
1616 1693 1912 1757 concessis
1936 1742 1954 1777 ‚
2006 1714 2123 1758 nec
2176 1693 2323 1778 ipsis
2376 1695 2686 1761 Romanis

636 1831 818 1894 porro
859 1807 1185 1871 medicinas
1232 1806 1505 1872 studium
1553 1806 2054 1894 dedignantibus.
2111 1808 2283 1873 Inter
2330 1811 2686 1896 superstites

639 1934 848 1986 autem
888 1932 1163 1985 auctores
1205 1919 1552 2006 praecipuus
1585 1921 1903 1985 Cornelius
1946 1920 2160 1986 Celsus
2184 1971 2200 2004 ,
2243 1923 2355 1986 sub
2393 1925 2681 2008 Augusto

637 2047 702 2100 et
744 2034 986 2098 Tiberio
1033 2033 1290 2115 florens,
1340 2053 1375 2096 e
1425 2031 1608 2116 cujus
1653 2031 1927 2119 encyclio
1968 2055 2151 2117 opere
2190 2034 2406 2098 servati
2447 2034 2525 2098 de
2568 2032 2674 2100 Re

637 2124 1074 2216 Medioa‘tibri
1102 2146 1250 2213 VIII
1278 2125 1654 2209 medicinam
1676 2156 1736 2209 et
1757 2145 2137 2233 chirurgiam
2167 2149 2666 2234 complectentes.

642 2264 817 2330 Celso
854 2260 1102 2348 aequalis
1140 2259 1446 2324 Antonius
1480 2260 1652 2323 Musa
1674 2308 1692 2343 ,
1726 2260 1991 2346 Augusti
2022 2261 2279 2327 libertus
2304 2311 2322 2346 ,
2353 2263 2459 2327 cui
2495 2265 2672 2352 frag-

640 2389 847 2442 menta
872 2372 1153 2463 quaedam
1181 2373 1328 2438 falso
1350 2373 1734 2438 tribuuntur.
1767 2373 1958 2439 Paulo
1990 2376 2281 2462 posterior
2310 2378 2672 2445 Scribonius

637 2495 869 2577 Largus
887 2538 905 2573 ,
941 2500 1152 2554 auctor
1180 2487 1461 2572 opusculi
1486 2485 1564 2551 de
1599 2486 2178 2576 Campo-titionibus
2200 2490 2672 2558 Medicamen-

643 2603 874 2668 rorum.
907 2602 959 2665 E
986 2598 1460 2684 compilantibus
1492 2600 1731 2665 serioris
1758 2600 1871 2665 aevi
1911 2613 2175 2667 servatus
2216 2604 2484 2670 Marcelli
2513 2607 2673 2670 Em-

639 2715 815 2802 pirici
865 2713 943 2777 ds
992 2711 1498 2777 Medicamentis
1523 2760 1539 2785 ,
1582 2714 1688 2778 cui
1720 2716 2005 2779 nonnulli
2032 2738 2281 2781 carmen
2319 2740 2562 2804 quoque
2586 2717 2672 2785 de

640 2827 948 2894 medicina
991 2826 1083 2917 (v.
1132 2826 1348 2892 Burm.
1382 2825 1656 2892 Antkol.
1697 2850 1753 2891 v.
1804 2832 1866 2896 2.
1907 2852 1968 2916 p.
2004 2829 2203 2920 389.)
2246 2834 2514 2897 tribuere
2538 2882 2555 2917 ,
2604 2844 2674 2899 et

639 2940 887 3030 Vegetii
923 2941 1150 3007 Renati
1191 2940 1270 3005 da
1307 2938 1403 3005 Re
1454 2939 1534 3009 V
1526 2945 1896 3008 eterinaria
1939 2943 2113 3009 liber.
2166 2946 2261 3011 De
2303 2947 2493 3033 poetis
2539 2946 2672 3013 huc

586 3144 591 3149 A
640 3053 1000 3121 referendus
1027 3056 1294 3119 Serenus
1321 3054 1767 3121 Sammonicus.

737 3173 886 3236 421.
937 3169 1011 3231 In
1067 3167 1301 3232 caeteris
1345 3168 1680 3255 disciplinis
1724 3170 1969 3237 Graecos
2015 3173 2325 3241 imitantes
2370 3178 2570 3263 magis
2611 3191 2677 3244 et

646 3282 1045 3369 compilantes
1074 3281 1374 3365 Romani,
1403 3304 1593 3368 quam
1620 3283 1701 3347 ab
1729 3284 1804 3349 iis
1826 3285 2043 3351 tradita
2071 3299 2179 3353 aut
2204 3303 2500 3377 augentes
2523 3314 2680 3358 ma·-

646 3420 918 3487 gnopere
938 3408 1046 3462 aut
1066 3395 1484 3482 perficientes,
1514 3397 1578 3460 in
1599 3397 2086 3485 jurisprudentia
2108 3423 2223 3466 nec
2245 3402 2467 3467 imitati
2495 3417 2676 3490 sunt,

642 3526 707 3577 et
748 3516 932 3599 longe
973 3511 1322 3598 praestitere.
1354 3513 1764 3576 Jureconsulti
1803 3525 2011 3579 autem
2039 3563 2057 3599 ‚
2100 3528 2161 3580 et
2201 3518 2550 3603 antiquiore
2579 3520 2677 3582 li-

641 3629 893 3695 bertatis
934 3637 1206 3712 tempore
1231 3674 1248 3709 ‚
1276 3636 1337 3691 et
1360 3625 1508 3691 inde
1530 3625 1611 3692 ab
1639 3638 1905 3693 extrema
1939 3630 2192 3715 plurimi
2233 3631 2522 3697 celebrati
2569 3630 2674 3721 1);

642 3742 712 3805 in
740 3742 971 3828 quibus
993 3740 1180 3805 Mucii
1200 3741 1479 3805 Scaevolae
1501 3741 1739 3827 plures,
1766 3742 2086 3808 Trebatius
2113 3745 2319 3829 Testa,
2342 3757 2405 3811 et
2425 3746 2677 3812 Servius

644 3855 955 3939 Sulpicius
978 3903 996 3938 ,
1057 3854 1344 3921 Cioe'roni
1406 3856 1708 3943 aequales,
1772 3856 2031 3922 Alfenus
2083 3859 2319 3943 Varus,
2371 3861 2678 3925 Antistius

642 3966 845 4031 Labeo
864 4015 881 4050 ,
911 3970 1126 4033 Nerva.
1164 3969 1219 4033 A
1250 3970 1492 4035 Tiberio
1528 3968 1678 4034 inde
1707 3968 1976 4035 distincti
2007 3971 2323 4037 Sabiniani
2351 3985 2411 4037 et
2434 3975 2677 4039 Procu-

640 4077 833 4163 liani,
881 4080 974 4145 illi
1010 4092 1259 4150 auctore
1313 4083 1492 4168 Atejo
1543 4082 1836 4170 Capitone
1874 4094 1936 4148 et
1978 4082 2240 4151 Masurio
2281 4085 2508 4152 Sabino
2538 4136 2556 4172 ,
2602 4090 2675 4156 hi
