3111 4829
1502 345 1834 427 (368)·

631 490 860 574 triarii,
898 495 1188 553 caeterum
1242 502 1455 546 omnes
1498 478 1931 566 manipulatim
1972 480 2290 563 collocati,
2336 479 2645 566 triplicem

629 606 823 672 aciem
883 599 1225 665 formabant
1251 644 1268 679 ,
1306 594 1514 659 relicto
1569 594 1729 657 inter
1787 592 1964 656 binos
2019 592 2366 678 manipulos
2409 595 2602 679 spatio
2629 643 2650 679 ,

626 721 740 785 viis
781 717 958 783 rectis
981 764 998 799 ,
1034 736 1155 801 quo
1188 712 1382 798 prima
1428 709 1590 773 acies
1628 708 1844 773 referri
1876 717 2008 794 post
2042 706 2374 771 secundam
2403 757 2420 790 ,
2466 709 2647 773 tertia

627 845 953 919 utramque
994 828 1262 912 recipere
1315 833 1547 910 posset,
1592 845 1630 886 e
1676 822 1863 887 ternis
1907 844 2030 887 una
2055 870 2072 904 ,
2118 822 2385 907 impletis
2437 821 2650 886 inter—

624 949 832 1032 vallis,
864 942 1340 1030 compressisque
1380 937 1724 1020 ordinibus,
1773 936 2006 1002 hostem
2038 938 2394 1021 sustineret,
2429 938 2669 1004 ultima'

628 1083 937 1128 successus
987 1080 1157 1144 spes;
1200 1054 1367 1119 unde
1412 1052 1636 1139 pendet
1683 1075 1790 1116 res
1826 1053 1922 1116 ad
1976 1055 2249 1116 triarios
2303 1052 2516 1117 rediit
2551 1050 2644 1140 3).

624 1176 859 1242 Eadem
896 1193 1037 1236 vero
1078 1169 1265 1254 spatia
1306 1167 1541 1232 levibus
1584 1188 1830 1252 quoque
1870 1165 2208 1248 militibus,
2251 1188 2518 1252 quorum
2567 1167 2649 1232 ad

624 1290 863 1357 hostem
891 1280 1316 1370 ‚lacessendum
1355 1290 1680 1343 consuetus
1723 1302 1910 1363 usuS,
1957 1290 2017 1343 et
2061 1280 2409 1343 emittendis
2442 1291 2502 1344 et
2541 1302 2649 1344 re-

624 1401 925 1490 cipiendis
954 1398 1280 1486 patebant,
1306 1394 1566 1459 durante
1595 1393 1915 1479 legionum
1942 1394 2277 1458 certamine
2318 1405 2452 1479 post
2493 1394 2647 1458 tria-

620 1520 744 1584 rios
767 1512 1124 1595 reconditis3
1152 1510 1386 1574 tametsi
1409 1519 1469 1571 et
1490 1505 2084 1574 immistiordinibus
2105 1517 2530 1571 memorantur
2553 1504 2642 1594 4).

620 1633 833 1697 Latera
867 1625 1119 1712 triplicis
1167 1623 1324 1688 acici
1364 1622 1600 1707 equites
1640 1620 1966 1707 legionarii
2008 1630 2067 1683 et
2110 1619 2416 1684 sociorum
2457 1620 2649 1705 copiae

619 1743 950 1830 tegebant,
989 1738 1068 1802 ob
1100 1758 1236 1799 eam
1266 1756 1397 1798 rem
1429 1734 1538 1796 alae
1577 1732 1863 1818 adpellati
1907 1731 2002 1822 (ς.
2039 1729 2246 1819 365.)

716 1860 862 1922 Haec
891 1852 1158 1939 vulgaris
1188 1850 1342 1915 aciei
1367 1848 1523 1913 ratio
1542 1898 1559 1932 ‚
1595 1849 1662 1912 in
1698 1848 2115 1934 quincuncem
2142 1845 2208 1936 5)
2233 1859 2441 1913 vocata
2469 1871 2484 1912 :
2510 1869 2652 1934 quae

618 1996 732 2062 per
780 1972 939 2036 bella
984 1967 1218 2033 Punica
1276 1965 1461 2029 etiam
1524 1962 1846 2047 obtinens,
1899 1975 2160 2049 tumque
2215 1961 2497 2049 inprimis
2536 1983 2649 2025 ex·-

618 2090 784 2153 culta
809 2134 826 2169 ,
865 2094 1041 2171 post,
1068 2091 1306 2146 mutata
1331 2101 1476 2144 cum
1520 2078 1792 2142 militum
1837 2077 2080 2143 delectu
2121 2078 2381 2164 legionis
2408 2077 2603 2142 forma
2627 2125 2647 2160 ,

614 2225 729 2290 per
772 2199 1045 2265 cohortes
1083 2194 1436 2280 compositae
1468 2193 1683 2275 cessit,
1724 2203 1995 2256 cessante
2033 2192 2215 2255 simul
2262 2192 2541 2278 peditum
2580 2191 2648 2256 iu

616 2315 911 2396 hastatos,
943 2309 1268 2397 principeS,
1299 2307 1539 2371 triarios
1561 2303 1855 2371 divisione
1887 2301 1977 2394 6).
2013 2306 2182 2370 Inter
2215 2293 2464 2370 caeteras
2485 2306 2647 2372 acies

617 2437 956 2495 occurrunt
993 2424 1157 2489 orbis
1200 2420 1301 2510 7);
1343 2444 1616 2504 cuneus,
1654 2417 1835 2485 modo
1874 2419 2116 2485 densior
2143 2420 2439 2507 phalanx,
2467 2421 2652 2486 modo

617 2542 805 2607 cunci
849 2543 1083 2619 forma,
1123 2546 1383 2621 angusta
1426 2536 1626 2621 fronte
1678 2534 1897 2624 (caput
1945 2533 2356 2624 porcinum),
2397 2536 2503 2600 cui
2536 2558 2658 2622 op⁶

615 2656 868 2742 ponitur
906 2652 1093 2715 forfex
1136 2645 1243 2736 8);
1290 2647 1528 2711 testudo
1555 2696 1573 2729 ,
1614 2648 1906 2712 consertis
1947 2670 2128 2734 supra
2173 2661 2360 2735 caput
2403 2650 2469 2713 in
2507 2650 2655 2714 tecti

615 2768 884 2853 speciem
922 2763 1108 2828 scutis
1147 2757 1215 2847 9)
1237 2783 1255 2845 3
1297 2782 1460 2825 serra
1496 2758 1642 2848 10);
1683 2761 2049 2826 laterculum
2093 2762 2217 2827 sive
2259 2764 2441 2829 turris
2496 2761 2603 2850 11)
2633 2810 2653 2847 ,

619 2881 837 2969 globus
879 2874 1008 2966 12).

681 3067 737 3126 1>
755 3065 831 3114 cf.
854 3063 961 3112 Liv.
979 3063 1013 3113 7
1033 3101 1048 3126 ,
1072 3061 1124 3112 8.
1144 3086 1209 3102 -·
1229 3063 1280 3120 2)
1301 3062 1376 3112 Cf.
1401 3056 1522 3111 Tac.
1551 3064 1722 3113 Germ.
1748 3063 1781 3112 3
1801 3101 1816 3128 ‚
1841 3058 1906 3129 9,
1931 3064 2053 3128 Veg.
2079 3064 2148 3127 3,-
2176 3064 2236 3116 18
2259 3103 2274 3128 ‚
2301 3068 2464 3117 Amm.
2492 3064 2650 3117 Marc.

617 3159 716 3221 16,
757 3157 841 3206 30.
865 3154 997 3218 -5)
1034 3154 1140 3202 Liv.
1178 3153 1340 3216 vm,
1375 3153 1427 3201 8.
1462 3146 1665 3217 Clypois
1700 3162 1818 3203 ante
1852 3154 2083 3205 Romani
2115 3160 2204 3204 usi
2239 3167 2402 3222 sunt,
2429 3162 2612 3209 deinde
2637 3198 2657 3225 ,

611 3255 886 3313 postquam
907 3246 1237 3307 stipendiarii
1249 3243 1384 3307 sacti
1401 3251 1526 3292 sunt
1537 3279 1555 3309 ,
1581 3251 1728 3293 scuta
1742 3260 1843 3309 pro
1865 3246 2054 3310 clypeis
2064 3246 2247 3310 secere,
2278 3256 2328 3297 et
2342 3253 2482 3313 quod
2501 3259 2659 3301 antea

615 3338 897 3402 phalanqcs
934 3335 1126 3382 similes
1160 3333 1542 3396 Macedonicis,
1568 3335 1657 3381 hoc
1677 3342 1852 3398 postca
1876 3336 2241 3398 manipulatim
2274 3346 2470 3389 structa
2511 3343 2654 3389 acics

618 3429 768 3490 coepit
787 3441 890 3472 esse
907 3441 927 3471 .·
939 3430 1190 3488 postremo
1210 3425 1266 3470 in
1276 3418 1457 3486 plures
1477 3422 1682 3472 ordines
1697 3418 2086 3473 instruebantur
2101 3453 2164 3462 —
2183 3426 2397 3476 Hastati
2416 3431 2650 3479 omnium

615 3518 779 3581 primi
797 3526 1029 3579 puqnom
1052 3512 1272 3561 inibant.
1297 3512 1361 3561 Si
1390 3513 1582 3561 hastati
1607 3514 1882 3577 profligare
1911 3514 2095 3562 hostem
2129 3531 2233 3563 non
2249 3525 2491 3579 possent,
2521 3518 2656 3581 pedo

613 3621 790 3670 presso
826 3621 909 3653 eos
946 3603 1304 3652 retrocedentes
1340 3604 1399 3650 in
1436 3603 1707 3651 interculta
1745 3603 1986 3653 ordinum
2022 3607 2286 3669 principes
2321 3607 2652 3670 recipiebant.

622 3696 764 3747 Tum
798 3696 1099 3759 principum
1122 3708 1306 3756 puqna
1329 3699 1471 3756 crat,
1507 3693 1698 3741 hastati
1717 3693 2075 3757 sequebantur.
2105 3694 2311 3744 Triarii
2339 3696 2433 3745 sub
2457 3698 2658 3747 vexills’s

616 3784 945 3832 considebant
962 3819 977 3845 ,
1001 3783 1209 3830 sinistro
1232 3797 1380 3829 crure
1398 3789 1628 3844 porrecto
1649 3818 1665 3844 ‚
1688 3790 1834 3830 scuta
1855 3785 2037 3830 innixa
2057 3783 2282 3831 humeris
2295 3818 2315 3847 ,
2340 3785 2513 3833 hastos
2532 3803 2653 3835 sur-

619 3879 755 3921 rocta
787 3872 996 3935 cuspide
1029 3874 1086 3919 in
1121 3879 1255 3919 terra
1280 3870 1454 3934 fisos,
1490 3872 1636 3919 haud
1654 3887 1799 3919 secus
1834 3888 1990 3936 quam
2024 3872 2154 3921 callo
2191 3879 2334 3935 septa
2370 3874 2658 3923 inhorreret

619 3963 782 4021 acics,
807 3967 1046 4007 tenentes.
1062 3960 1125 4008 Si
1142 3961 1288 4022 apud
1300 3962 1567 4022 principes
1587 3977 1786 4024 quoque
1809 3962 1953 4009 haud
1971 3963 2096 4008 satis
2107 3977 2348 4024 prospers
2370 3971 2496 4012 esset
2508 3982 2654 4027 puy-

621 4056 800 4099 notum
821 4083 836 4110 ,
861 4058 891 4095 a
911 4050 1084 4110 prima
1107 4051 1214 4096 acic
1236 4050 1308 4096 ad
1326 4050 1534 4097 triarios
1555 4052 1740 4098 sensim
1767 4049 2131 4111 reserebantur.
2158 4051 2290 4100 Inde
2312 4069 2415 4101 mm
2439 4055 2511 4102 ad
2530 4059 2656 4105 tria-
