3111 4829
1553 396 1807 479 (346)

666 538 762 626 gis
790 534 898 624 2),
921 502 1151 622 aurigis
1181 533 1434 600 vestium
1461 533 1664 597 colore
1698 529 2046 620 (prasinus,
2084 551 2325 595 russeus
2343 577 2361 614 ,
2393 540 2574 595 venet
2586 555 2686 616 us,

663 653 873 734 albus,
901 648 1100 739 etc.),
1145 649 1294 715 anni
1337 657 1718 734 tempestates
1746 648 2054 711 referente
2078 694 2097 729 ,
2138 634 2484 711 secundum
2530 647 2688 712 fac-

665 768 862 832 tiones
892 765 1188 831 distinctis
1230 762 1341 852 3):
1396 757 1665 849 pretium
1709 762 1923 827 victori
1964 762 2169 848 palma
2219 758 2328 850 4);
2376 771 2691 828 certamen

661 882 1043 970 gymnicum,
1075 878 1152 944 ad
1184 877 1539 942 Graecorum
1567 887 1824 960 morem,
1851 876 2245 964 quinquertio
2279 875 2478 967 (πέντε
2490 876 2685 966 San),

664 998 864 1077 saltu,
910 1016 1131 1077 cursu,
1182 994 1395 1075 lucta,
1435 992 1718 1079 pugilatu
1767 990 2088 1082 (cestus),
2141 991 2305 1057 disco
2332 1042 2349 1076 ,
2403 1004 2519 1059 etc.
2576 990 2686 1082 5);

656 1130 870 1195 pugna
909 1105 1200 1192 pedestris
1228 1117 1289 1170 et
1315 1106 1636 1192 equestris;
1673 1104 1853 1189 cujus
1881 1105 2110 1191 species
2138 1105 2324 1170 ludus
2350 1107 2541 1191 Troja
2572 1105 2641 1193 6)
2668 1130 2686 1190 3

655 1221 1045 1301 venationes,
1088 1220 1422 1284 bestiarum
1464 1220 1628 1284 inter
1666 1241 1733 1282 se
1781 1220 1877 1283 vel
1924 1239 2070 1284 cum
2107 1218 2465 1284 horninibus
2490 1268 2508 1302 ,
2564 1221 2691 1287 sive

653 1333 971 1400 conductis
1017 1334 1141 1397 sive
1187 1330 1488 1397 damnatis
1532 1330 1874 1418 (bestiarii,
1921 1329 1999 1396 ad
2042 1331 2263 1395 bestias
2305 1325 2624 1418 damnati)
2668 1382 2687 1419 ‚

660 1469 888 1534 pugnae
920 1444 1023 1532 7);
1052 1442 1420 1509 naumachia
1441 1492 1457 1524 ‚
1488 1464 1699 1529 pugna
1731 1444 1989 1527 navalis,
2022 1445 2091 1507 in
2118 1444 2376 1508 lacubus
2412 1443 2640 1509 effossis
2663 1494 2682 1531 ,

660 1570 768 1623 aut
791 1581 948 1646 aqua
979 1557 1046 1620 in
1073 1558 1311 1621 circum
1340 1565 1445 1619 aut
1477 1554 1874 1620 naumachias
1898 1605 1915 1639 ,
1946 1555 2023 1620 ad
2050 1578 2185 1621 eam
2215 1580 2347 1620 rem
2373 1567 2685 1626 exstructa

658 1674 726 1735 in
766 1673 982 1736 circuli
1010 1673 1270 1735 formam
1298 1669 1554 1733 aedificia
1575 1719 1591 1751 ‚
1623 1693 1658 1734 e
1690 1671 1847 1734 mari
1876 1683 1983 1735 aut
2015 1695 2123 1758 per
2144 1670 2542 1759 aquaeductus
2570 1674 2687 1736 im-

660 1789 842 1851 missa
882 1783 968 1873 8).
1015 1785 1324 1850 Certantes
1365 1783 1434 1846 in
1476 1783 1640 1856 ludis
1682 1783 2058 1849 circensibus
2083 1835 2101 1870 ,
2141 1786 2210 1850 in
2250 1787 2384 1851 aliis
2424 1786 2688 1873 ingenui

663 1900 849 1984 etiam
872 1947 889 1982 ,
917 1897 984 1961 in
1011 1897 1145 1960 aliis
1175 1895 1329 1961 servi
1357 1907 1601 1960 tantum
1638 1908 1746 1961 aut
1772 1895 2065 1963 damnati.

733 2085 786 2146 1)
807 2083 882 2132 Cf.
905 2084 1040 2132 Suet.
1074 2081 1259 2133 mand.
1293 2080 1379 2130 21.
1399 2081 1541 2143 —2)
1567 2081 1642 2131 Cf.
1677 2082 1800 2132 Hor.
1827 2082 1925 2132 od.
1954 2082 2014 2146 1,
2052 2083 2111 2150 1,
2142 2086 2207 2149 5,
2238 2087 2419 2150 9,16,
2442 2087 2526 2138 54.
2550 2089 2695 2154 -3)·

662 2176 740 2224 Cl'.
777 2176 914 2222 Suet.
939 2173 1095 2222 Dom.
1117 2171 1169 2220 7.
1190 2200 1250 2208 —
1271 2170 1323 2236 4)
1350 2171 1425 2219 Cf.
1458 2172 1632 2220 Horat.
1668 2172 1768 2221 od.
1795 2172 1855 2235 1,
1879 2172 1903 2221 1
1922 2208 1937 2236 ,
1962 2173 2013 2222 5.
2034 2198 2097 2212 -—
2119 2174 2171 2237 5)
2197 2174 2272 2224 Cf.
2295 2176 2435 2239 Vir-g.
2462 2177 2583 2225 AE'n.
2621 2177 2655 2227 5
2678 2213 2697 2240 ‚

658 2264 776 2313 286.
798 2278 910 2326 sqq.
935 2289 999 2300 —
1017 2259 1071 2322 6)
1096 2261 1170 2309 Cs.
1212 2260 1331 2308 AEn.
1356 2259 1389 2309 5
1412 2296 1428 2324 ,
1466 2259 1688 2310 545-603
1708 2297 1726 2324 ,
1766 2260 1886 2308 Tac.
1922 2262 2066 2309 Amo.
2106 2262 2163 2311 11
2182 2300 2199 2328 ,
2223 2263 2312 2328 11,
2339 2264 2474 2313 Suet.
2500 2265 2685 2315 C'laud.

666 2352 750 2402 21.
776 2379 842 2393 —
861 2353 916 2419 7)
943 2353 1020 2402 Cs-
1049 2352 1158 2401 Cic.
1178 2354 1246 2401 ad
1279 2353 1407 2403 Ds'v.
1427 2352 1461 2402 7
1482 2389 1497 2417 ,
1523 2352 1547 2402 1
1568 2390 1584 2417 ,
1621 2350 1907 2403 Τειο.Ἣιέι.
1932 2354 1994 2420 2,
2017 2355 2102 2404 61.
2123 2381 2186 2394 -
2208 2354 2261 2417 8)
2302 2355 2378 2405 cf.
2403 2357 2539 2406 Suet.
2568 2356 2693 2407 Tr'b.

668 2442 737 2492 72
757 2479 774 2508 ,
799 2443 987 2494 Claud.
1006 2443 1064 2491 21
1090 2477 1108 2504 ‚
1134 2444 1292 2491 Dom.
1315 2441 1366 2492 4.

752 2611 906 2674 350.
954 2604 1114 2672 Ludi
1183 2605 1526 2694 gladiatorii
1583 2606 1610 2696 (
1639 2607 1878 2695 gladius
1897 2657 1915 2693 ,
1963 2609 2321 2699 yladiare)
2344 2661 2363 2694 ,
2423 2596 2686 2683 munera

661 2743 909 2808 quoque
947 2716 1008 2806 1)
1043 2717 1233 2800 dicti,
1267 2720 1523 2784 Etrusca
1571 2719 1810 2807 origine
1832 2768 1853 2804 ,
1897 2718 2169 2806 primum
2212 2723 2281 2787 in
2321 2725 2648 2791 funeribus
2673 2774 2695 2811 ,

664 2832 833 2899 unde
854 2833 1157 2898 bustuarii
1179 2828 1269 2920 2),
1289 2844 1422 2918 post
1448 2833 1867 2898 oblectationis
1889 2857 2135 2923 quoque
2157 2818 2338 2902 causa
2360 2838 2651 2923 celebrati
2675 2812 2699 2925 ,

667 2952 817 3017 alias
862 2945 1110 3034 publico
1151 2958 1394 3030 sumtu,
1423 2948 1571 3013 alias
1606 2948 1834 3034 privato
1855 2944 1945 3037 3).
1973 2949 2084 3013 His
2106 2949 2358 3017 edendis
2389 2963 2695 3020 structura

654 3062 968 3150 praecipue
998 3059 1472 3144 accommodata,
1492 3083 1631 3148 quae
1655 3061 2103 3148 amphitheatra
2121 3113 2139 3149 ,
2161 3067 2334 3154 quasi
2363 3069 2687 3135 circularia

659 3176 895 3242 theatra
914 3223 933 3258 ,
974 3185 1289 3240 vocantur.

748 3290 1006 3356 Theatra
1059 3289 1276 3353 veteris
1323 3289 1542 3393 Romae
1564 3339 1581 3373 ,
1630 3288 1854 3356 sabulis
1902 3295 2405 3379 reproesentandis
2441 3296 2638 3366 dicata
2670 3346 2691 3383 ,

656 3403 915 3470 aedifieia
947 3414 1123 3467 'erant
1142 3414 1320 3467 vastae
1340 3404 1627 3490 pleraque
1646 3405 1825 3468 molis
1847 3454 1865 3488 ,
1888 3407 2084 3473 forma
2110 3410 2512 3475 semicirculi.
2542 3412 2690 3477 Pars

657 3518 913 3584 incurva
951 3517 1212 3581 exterius
1234 3517 1502 3602 pilarum
1531 3515 1799 3600 ordines,
1828 3518 1978 3583 alios
1999 3520 2134 3585 aliis
2156 3521 2496 3607 impositae,
2522 3520 2694 3588 inte-

655 3633 785 3697 rius
816 3631 1023 3697 sedilia
1041 3631 1281 3720 (cunei,
1301 3650 1508 3714 cavea,
1539 3641 1692 3721 tota,
1713 3631 1861 3716 ima,
1881 3631 2105 3715 media,
2122 3603 2381 3696 summa.
2402 3630 2493 3697 Cf.
2516 3633 2687 3701 Suet.

655 3746 835 3837 Auq.
878 3743 1024 3833 44.)
1067 3745 1502 3833 spectatoribus
1533 3745 1889 3828 exhibebat,
1918 3757 2227 3812 crescente
2256 3745 2335 3811 ad
2364 3769 2692 3816 summum

658 3861 947 3926 circuitu.
995 3861 1261 3948 Reliqua
1287 3883 1425 3947 pars
1447 3909 1465 3946 ,
1496 3883 1610 3947 per
1639 3859 2006 3926 diametrum
2039 3858 2385 3947 hemicyclii
2411 3872 2651 3928 extensa
2674 3912 2692 3948 ,

659 3974 920 4038 interius
951 3996 1197 4041 scenam
1221 3974 1446 4066 (σανίς
1472 3976 1862 4063 proscenium
1892 3971 1986 4062 4);
2017 3973 2326 4060 pulpitum
2347 3972 2415 4065 5)
2436 4026 2453 4061 ,
2481 3999 2660 4043 scena

657 4086 1000 4174 theatrum,
1026 4101 1139 4156 etc.
1168 4088 1218 4178 ),
1246 4093 1507 4157 exterius
1524 4090 1766 4156 aedificii
1791 4092 2054 4156 frontem
2077 4089 2448 4157 obvertebat.
2482 4093 2690 4158 luter-
