3111 4829
1534 409 1785 494 (330)

649 552 727 616 lia
748 548 1143 630 celebrantes,
1161 544 1278 609 nisi
1302 541 1467 631 quod
1492 543 1651 628 pelle
1670 539 1921 625 caprina
1942 534 2373 622 cingebantur,
2394 534 2552 599 nudi
2577 533 2666 623 1),

652 673 839 731 totam
874 685 982 747 per
1010 660 1226 724 urbem
1249 707 1267 743 ,
1299 657 1580 744 petulans
1600 653 1778 718 turba
1803 701 1821 737 ,
1856 650 2237 737 vagabantur
2261 698 2279 733 ,
2312 649 2554 732 obvioS,
2597 672 2671 714 ac

650 780 940 846 mulieres
981 776 1244 840 maxime
1266 823 1283 856 ,
1332 771 1560 837 scutica
1603 768 1993 835 verberantes
2013 815 2031 850 ,
2081 785 2219 852 quae
2238 813 2255 848 ,
2305 765 2387 829 ita
2431 766 2675 832 facilius

652 891 927 983 gravidas
967 912 1029 955 se
1065 890 1195 953 sore
1223 886 1542 953 credentes
1564 932 1582 965 ,
1628 880 1864 946 verberi
1904 902 1968 943 se
2013 881 2172 943 ultro
2219 878 2553 943 offerebant
2578 877 2669 967 2).

648 1009 813 1075 Ante
842 1024 1134 1090 pompam
1156 1022 1403 1087 capram
1424 997 1576 1063 Pani
1606 1046 1622 1080 ,
1648 1005 1885 1082 peracta
1907 1043 1925 1078 ,
1963 991 2165 1057 eidem
2189 1014 2408 1056 canem
2444 993 2675 1057 immo-

645 1131 855 1196 labant
898 1118 988 1206 3).
1028 1115 1461 1203 Religionem,
1499 1113 1662 1177 fama
1715 1120 1844 1174 erat
1867 1157 1885 1192 ,
1925 1108 2004 1172 ab
2033 1106 2350 1191 Evandro,
2400 1105 2672 1188 Arcade,

645 1242 842 1332 patrio
876 1258 1047 1304 more
1080 1231 1418 1297 institutam
1449 1222 1515 1312 4)
1540 1274 1557 1308 ,
1584 1244 1773 1310 quam
1804 1243 2063 1286 servasse
2091 1220 2436 1285 Romulum
2458 1269 2476 1303 ,
2509 1219 2670 1284 duo-

644 1359 885 1443 busque
900 1347 1208 1426 sodalitiis,
1231 1340 1431 1408 Fabiis
1444 1350 1507 1404 et
1524 1336 1844 1419 Quintiliis
1878 1333 2214 1400 sacerdotes
2244 1332 2557 1398 distinctos
2576 1331 2668 1421 5).

644 1474 858 1558 Ipsum
898 1461 1302 1531 sacerdotium
1327 1506 1345 1540 ,
1390 1478 1446 1534 a,
1472 1452 1691 1518 nostris
1722 1451 1998 1516 moribus
2026 1448 2421 1514 vehementer
2446 1447 2676 1513 abhor-

645 1606 789 1650 rens
814 1630 833 1665 ,
880 1578 1208 1644 honestum
1257 1581 1467 1634 tamen
1516 1565 1858 1630 habebatur
1900 1562 1992 1651 6).
2062 1564 2137 1627 In
2175 1562 2475 1627 honorem
2523 1563 2674 1628 Julii

646 1695 893 1764 Caesaris
912 1742 930 1778 ,
971 1693 1101 1777 ipso
1131 1688 1264 1752 vivo
1287 1733 1305 1769 ,
1345 1680 1610 1747 instituti
1636 1680 1897 1765 Luperci
1921 1679 2073 1743 Julii
2094 1680 2186 1765 7).

712 1860 764 1919 1)
787 1855 862 1906 Cf.
884 1852 1026 1918 Virg-
1043 1852 1165 1902 AEn.
1185 1847 1236 1912 8,
1263 1845 1381 1910 663,
1403 1872 1430 1883 -
1445 1844 1728 1894 estuante:
1747 1842 1917 1893 Salios
1932 1843 2200 1907 nudosque
2222 1842 2502 1907 Lupercos,
2529 1840 2671 1891 Ovid-

645 1951 791 2000 Fau.
809 1947 869 2012 2,
903 1943 1000 1995 557
1017 1948 1068 1992 et
1084 1939 1201 1990 579.
1225 1967 1287 1977 -
1310 1939 1363 2001 2>
1388 1936 1465 1985 cr.
1483 1935 1666 1984 Juven.
1685 1934 1737 1999 2,
1757 1934 1870 1984 142.
1895 1960 1960 1973 -
1975 1933 2030 1996 s)
2050 1934 2128 1986 cr.
2150 1933 2292 1984 ovid.
2314 1933 2458 1984 Fau.
2477 1931 2534 1995 2,
2551 1931 2669 1980 361.

649 2066 710 2077 ....
731 2038 785 2103 4)
806 2035 870 2084 V.
891 2032 1035 2083 Ovid-
1056 2032 1202 2082 Fast-
1225 2028 1259 2078 2
1275 2065 1292 2093 ‚
1317 2025 1434 2076 269.
1465 2040 1579 2089 sqq.
1596 2060 1611 2087 ,
1632 2023 1740 2072 mv.
1766 2023 1792 2073 1
1808 2059 1824 2087 ‚
1847 2023 1900 2072 5.
1916 2050 1982 2062 —
2000 2023 2055 2089 5)
2082 2024 2159 2073 Cf.
2190 2023 2332 2072 0vid.
2354 2022 2452 2074 575
2467 2057 2487 2088 ‚
2519 2021 2670 2086 Prop.

643 2128 705 2190 ⁴,
728 2127 751 2177 1
776 2164 792 2190 ,
809 2125 893 2175 25.
916 2151 978 2160 —
996 2122 1047 2184 6)
1067 2120 1143 2169 Cf.
1163 2119 1269 2168 Cic.
1289 2117 1430 2167 Phil.
1453 2116 1486 2164 2
1505 2152 1520 2179 ,
1543 2113 1629 2163 54.
1654 2113 1882 2175 -7)cr.
1900 2113 2036 2162 Suet.
2069 2114 2194 2163 Coes.
2217 2113 2301 2164 76.

738 2269 889 2330 328.
924 2264 1104 2327 Sacra
1137 2255 1571 2324 enthusiastica
1601 2253 1627 2343 (
1651 2251 1874 2316 enthea
1895 2300 1913 2336 ,
1943 2250 2325 2339 furibunda)
2353 2299 2370 2334 ,
2404 2272 2542 2337 quae
2562 2273 2673 2314 vo-

649 2400 862 2446 camus
883 2427 900 2462 ,
929 2400 962 2441 a
987 2373 1217 2440 Graecis
1247 2370 1406 2435 mire
1432 2377 1629 2445 amata
1648 2414 1666 2451 ,
1696 2366 1915 2431 Romae
1943 2366 2059 2430 suh
2087 2365 2422 2431 Caesaribus
2448 2365 2676 2429 multi-

646 2492 862 2580 plicari
904 2500 964 2553 et
990 2486 1244 2551 liberius
1281 2483 1495 2567 vigere
1530 2490 1851 2565 coeperunt
1872 2527 1891 2562 ,
1930 2479 2075 2544 olim
2102 2490 2211 2543 aut
2232 2478 2577 2565 prohibita,
2605 2489 2678 2542 ut

649 2599 1052 2669 Bacchanalia
1099 2595 1203 2685 1),
1243 2606 1391 2679 aut,
1446 2591 1708 2658 coercita
1750 2593 2037 2675 licentia,
2077 2602 2379 2679 quatenus
2415 2615 2449 2656 e
2474 2614 2679 2677 repu-

644 2717 805 2781 blica
839 2712 1145 2777 videretur
1168 2757 1186 2792 ,
1216 2709 1488 2771 tolerata.
1515 2707 1605 2769 Ex
1637 2704 1877 2770 entheis
1903 2717 2113 2770 autem
2151 2726 2319 2769 sacra
2363 2705 2632 2768 Bellonae
2655 2753 2676 2787 ,

645 2850 835 2916 quam
856 2822 1190 2890 sacerdotes
1204 2870 1222 2905 ,
1249 2818 1574 2885 bellonarii
1588 2868 1605 2901 ,
1628 2820 1841 2884 cultris
1862 2829 2052 2883 semet
2071 2819 2402 2909 lacerantes
2420 2864 2437 2899 ,
2456 2838 2678 2881 cruore

648 2969 758 3013 suo
804 2943 1128 3032 placabant
1169 2936 1278 3028 2),
1330 2950 1391 3004 et
1434 2937 1726 3022 inprimis
1783 2937 2110 3023 insigniter
2157 2936 2458 3002 celebrata
2509 2957 2681 3000 sacra

649 3060 905 3149 Cybeles
926 3106 945 3141 ,
989 3079 1024 3121 e
1044 3054 1311 3142 Phrygia
1333 3103 1350 3136 ,
1394 3052 1818 3139 antiquissima
1843 3050 1979 3135 ejus
2007 3050 2321 3137 religionis
2340 3049 2515 3133 sede,
2544 3050 2680 3114 Ro-

646 3195 817 3238 mam
844 3190 991 3236 cum
1028 3165 1439 3233 sacerdotibus
1466 3166 1751 3230 translata
1776 3163 1881 3252 (§.
1910 3165 2062 3230 306.
2088 3161 2115 3250 )
2138 3212 2155 3247 ‚
2183 3187 2335 3252 quos
2370 3175 2431 3229 et
2474 3173 2681 3250 postea
2720 3178 2727 3185 “

646 3307 887 3371 semper
921 3282 1193 3369 Phryges
1219 3281 1474 3346 natione
1514 3280 1700 3344 fuisse
1743 3288 1978 3343 constat
2016 3275 2105 3365 3).
2128 3277 2325 3344 Iidem
2351 3278 2600 3343 Curetes
2619 3286 2683 3340 et

646 3397 798 3465 Idaei
847 3394 1125 3483 Dactyli,
1186 3393 1355 3460 varia
1417 3394 1746 3458 nominum
1800 3392 2338 3478 interpretatione,
2404 3392 2683 3476 itemque

649 3512 1022 3601 Corybantes
1044 3557 1062 3594 ‚
1083 3494 1254 3575 uude
1300 3506 1541 3592 κορυβέα
1560 3553 1577 3583 ,
1633 3529 1788 3594 quos
1826 3517 2032 3571 tamen
2067 3529 2105 3571 a
2146 3505 2380 3571 caeteris
2404 3513 2548 3567 sunt
2569 3504 2686 3588 qui

648 3626 1072 3711 distinguant,
1097 3621 1263 3685 Galli
1288 3632 1498 3687 autem
1525 3670 1543 3704 ,
1575 3618 1743 3684 unde
1764 3629 1826 3683 et
1848 3618 2237 3704 Archigallus
2262 3666 2280 3700 ,
2315 3639 2350 3680 a
2394 3613 2684 3702 Phrygias

648 3738 908 3802 flumine
934 3734 1001 3824 4)
1049 3733 1381 3820 adpellati,
1423 3756 1458 3798 e
1502 3755 1626 3820 quo
1677 3732 1958 3797 bibentes
2000 3731 2067 3795 in
2122 3732 2393 3794 furorem
2437 3728 2577 3815 agi,
2612 3739 2687 3793 ut

651 3862 842 3916 semet
872 3849 1220 3916 exciderent
1243 3898 1260 3933 ,
1314 3849 1523 3915 sabula
1573 3847 1935 3915 narrabatur
1958 3894 1975 3929 ,
2016 3857 2078 3909 et
2111 3866 2253 3908 vero
2294 3842 2577 3908 virilitate
2618 3865 2684 3907 se

648 3960 985 4047 spoliabant
1009 3985 1026 4046 3
1046 3983 1171 4048 quo
1200 3961 1573 4028 trahendum
1602 3962 1799 4026 culter
1829 3957 2145 4044 lapideus,
2173 3967 2323 4021 testa
2358 3957 2563 4022 Samia
2586 3953 2677 4042 5).

651 4077 959 4142 Caeterum
999 4073 1160 4140 Galli
1199 4077 1416 4143 armati
1439 4124 1458 4161 ,
1498 4075 1764 4162 fictoque
1810 4075 2057 4154 furore,
2105 4072 2408 4159 mistoque
2446 4068 2685 4135 entheis
