3111 4829
1363 383 1579 466 (87)

445 517 680 583 nullius
721 519 818 583 vel
848 516 1223 602 privatorum
1264 526 1425 582 sunt.
1468 515 1567 580 Ad
1600 537 1696 581 res
1734 517 1969 582 nullius
1995 540 2118 583 non
2145 541 2218 584 ca
2248 520 2429 584 modo
2459 570 2476 603 ‚

444 656 586 724 quae
613 684 629 718 ,
671 644 743 698 ut
795 655 966 697 mare
1000 641 1061 720 et
1107 631 1305 695 littora
1331 679 1348 712 ‚
1397 631 1543 716 jure
1597 633 1863 697 naturali
1925 632 2200 699 humano
2266 638 2479 722 generi

447 748 840 831 communia,
882 748 1240 811 referuntur
1267 796 1284 830 ‚
1324 746 1430 810 sed
1468 748 1653 811 etiam
1679 796 1697 830 ,
1755 771 1894 835 quae
1937 750 2195 814 civitatis
2235 751 2479 818 vinculo

438 864 787 949 conjunctis
822 862 1219 944 communia;
1255 859 1463 947 qualia
1504 872 1649 924 sunt
1703 861 2075 947 oppidorum
2122 838 2266 947 viae„
2301 864 2433 929 fora
2455 914 2476 949 ,

444 977 681 1042 theatra
705 1025 723 1060 ,
770 976 1010 1042 balnea.
1058 976 1286 1041 Prioris
1309 975 1551 1062 generis
1597 996 1690 1039 res
1713 996 2076 1040 communes
2097 999 2132 1041 a
2162 979 2478 1042 nonnullis

445 1104 507 1157 et
526 1092 814 1179 publicae,
836 1091 1184 1178 posterioris
1206 1113 1298 1154 res
1321 1088 1752 1173 universitati3‚
1782 1101 1990 1176 utpote
2016 1091 2437 1155 universorum
2460 1140 2479 1173 ‚

445 1231 573 1273 non
593 1206 978 1293 singulorum
999 1255 1017 1288 ,
1050 1188 1443 1291 adpellantur
1486 1201 1546 1292 1)
1581 1229 1599 1287 3
1631 1215 1843 1269 contra
1872 1206 2008 1268 aliis
2031 1203 2127 1269 hae
2165 1206 2430 1291 publicae
2456 1255 2475 1289 ,

445 1323 569 1387 illae
588 1343 954 1387 communes
974 1330 1116 1384 sunt
1130 1316 1442 1407 2).Rebus
1460 1320 1695 1383 nullius
1716 1318 2159 1384 adnumeratur
2171 1319 2476 1385 hereditas

441 1435 695 1520 jacenS,
741 1436 864 1499 sive
890 1457 987 1501 res
1012 1433 1401 1499 hereditariae
1433 1481 1450 1517 ,
1509 1432 1773 1497 durante
1820 1436 2105 1499 cretionis
2136 1436 2160 1524 (
2187 1439 2245 1521 §.
2276 1434 2472 1520 107.)

444 1562 720 1636 tempore
739 1545 827 1636 3).
851 1548 1117 1613 Ratione
1141 1570 1265 1611 non
1282 1547 1548 1613 absimili
1572 1569 1665 1612 res
1693 1547 1924 1612 nullius
1944 1549 2199 1613 omnino
2222 1548 2470 1630 dicitur,

444 1688 586 1752 quae
609 1668 780 1731 nullo
811 1664 1086 1730 dominio
1112 1662 1579 1750 comprehensa.

512 1803 565 1868 1)
600 1803 676 1852 ef.
697 1803 851 1851 Marc.
873 1803 913 1852 1.
931 1818 980 1851 c.
1002 1830 1063 1839 —
1084 1802 1136 1868 2)
1159 1801 1223 1851 V.
1247 1802 1394 1852 Hein.
1419 1801 1452 1851 2
1470 1837 1486 1867 ‚
1512 1801 1537 1851 1
1560 1838 1576 1865 ‚
1605 1801 1667 1851 15
1688 1830 1743 1839 -
1766 1802 1820 1867 ὅ)
1849 1802 1912 1852 V.
1930 1802 2033 1868 Caj.
2053 1802 2085 1851 2
2104 1839 2120 1866 ‚
2154 1802 2207 1852 9.

530 1897 639 1960 97.
688 1896 814 1960 Res
842 1897 1087 1981 privatae
1115 1894 1237 1958 sive
1262 1895 1636 1980 privatorum
1665 1896 1755 1958 vel
1780 1894 1846 1958 in
1880 1895 2058 1958 bonis
2087 1893 2269 1958 modo
2291 1906 2433 1959 sunt
2451 1938 2468 1969 ‚

438 2013 536 2076 vel
557 2012 624 2076 in
655 2010 929 2091 dominio
953 2010 1272 2097 quiritatio
1304 2034 1322 2094 3
1354 2021 1646 2074 caeterum
1673 2011 1883 2074 multis
1905 2009 2100 2073 modis
2129 2059 2145 2093 ‚
2199 2011 2321 2074 sive
2352 2034 2431 2078 na
2451 2048 2472 2060 -

445 2125 747 2190 turalibus
791 2126 919 2190 sive
963 2125 1297 2207 Romani8‚
1327 2124 1642 2210 acquisitae
1675 2172 1692 2206 ‚
1722 2146 1760 2187 a
1797 2124 2105 2208 mancipio
2128 2124 2250 2188 sive
2279 2146 2472 2187 man-

444 2239 750 2325 cipatione
809 2238 873 2326 1)
911 2240 1087 2303 nobis
1125 2239 1257 2322 jam
1292 2249 1628 2302 memorata
1667 2239 1768 2323 (§.
1823 2233 1943 2316 87)
1975 2238 2039 2301 in
2073 2260 2166 2302 res
2202 2240 2473 2324 mancipi

445 2367 507 2424 et
531 2377 628 2422 res
656 2375 772 2418 nec
792 2352 1067 2438 mancipi
1095 2350 1475 2416 dividuntur.
1502 2350 1953 2436 Mancipatione
1977 2373 2071 2414 res
2108 2352 2414 2437 praesentis
2435 2375 2472 2418 a

446 2478 745 2556 praesente
786 2489 995 2532 coram
1057 2466 1337 2552 quinque
1387 2464 1642 2529 testibus
1692 2464 1995 2529 Romanis
2029 2475 2089 2528 et
2125 2465 2473 2552 libiipende

442 2591 630 2668 atque
662 2590 956 2645 antestato
984 2578 1393 2666 acquiruntur
1422 2575 1511 2665 2).
1536 2577 1720 2642 Ritus
1748 2577 2116 2642 venditionis
2133 2601 2165 2645 a
2200 2589 2477 2665 tempore

442 2691 845 2759 deducendus
878 2691 1160 2774 videtur,
1207 2713 1329 2779 quo
1374 2692 1645 2777 pretium
1686 2690 1955 2777 adpenso
2000 2693 2247 2757 metallo
2277 2695 2475 2758 solve-

441 2808 643 2875 batur.
691 2810 769 2873 In
807 2829 879 2872 eo
916 2805 1184 2871 vidimus
1208 2806 1539 2870 formulam
1578 2808 1885 2894 mancipo
1911 2806 2035 2872 tihi
2085 2807 2261 2872 hanc
2288 2831 2430 2874 rem
2454 2857 2475 2892 ,

446 2932 508 2988 et
548 2943 899 3009 percussam
924 2919 1004 2985 ab
1041 2931 1274 2984 emtore
1302 2919 1573 2984 sestertio
1615 2920 1839 2984 libram
1870 2944 1889 3004 3
1930 2919 2100 2985 unde
2127 2945 2252 3009 per
2279 2946 2373 2986 ιω
2414 2935 2481 2986 et

449 3035 693 3101 liBram
728 3032 1042 3109 vendere,
1074 3034 1252 3098 libra
1285 3046 1350 3097 et
1374 3056 1504 3097 aere
1550 3037 1848 3098 mercari
1868 3081 1893 3110 ,
1927 3058 2124 3099 numo
2161 3036 2476 3100 addicere

449 3146 517 3237 3)
542 3197 559 3230 ‚
602 3158 717 3212 etc.
756 3146 848 3211 De
879 3155 1173 3211 antestato
1199 3194 1216 3229 ,
1239 3167 1273 3210 a
1317 3155 1475 3210 tacta
1506 3148 1754 3210 testium
1784 3148 2096 3231 auricula,
2124 3160 2196 3211 ut
2217 3149 2432 3213 volunt
2457 3197 2475 3232 ,

449 3259 746 3348 adpellato
770 3310 787 3345 ‚
826 3261 1082 3325 obscura
1113 3270 1205 3324 cst
1242 3261 1494 3345 quaestio
1520 3284 1537 3343 ;
1578 3271 1721 3324 ante
1752 3262 1873 3325 XII
1891 3261 2083 3326 Tabb.
2104 3284 2229 3326 non
2243 3285 2476 3328 occur—

447 3402 584 3446 rere
605 3427 623 3463 ,
645 3386 854 3442 monet
874 3377 1059 3460 Hugo
1078 3372 1176 3464 (§.
1205 3376 1312 3438 94.
1339 3385 1400 3438 et
1424 3373 1709 3458 348.)1n
1731 3376 1868 3440 a'iis
1889 3375 2251 3442 adnotatum
2279 3378 2477 3462 video,

446 3518 542 3561 res
571 3493 829 3559 mobiles
883 3488 1133 3554 nonnisi
1172 3498 1497 3573 praesentes
1521 3538 1539 3573 ,
1607 3511 1724 3554 nec
1759 3491 1964 3576 plures
1987 3539 2004 3574 ‚
2045 3514 2234 3579 quam
2280 3515 2484 3557 manu

445 3609 583 3694 capi
606 3617 846 3695 possent
869 3654 887 3688 ,
926 3602 1154 3686 simul,
1202 3602 1548 3667 immobiles
1574 3614 1787 3670 contra
1816 3615 1878 3668 et
1908 3604 2116 3690 plures
2138 3615 2199 3668 et
2223 3604 2475 3671 diversis

446 3724 598 3789 locis
626 3721 967 3808 mancipari
993 3717 1081 3808 4).
1492 3813 1493 3816 Ἴ

517 3836 567 3901 1)
605 3836 647 3885 Α
670 3834 917 3899 mancipio
932 3871 947 3896 ‚
966 3833 1108 3897 quui
1130 3849 1292 3883 manu
1314 3835 1548 3897 captione
1569 3869 1584 3897 ‚
1608 3833 1799 3882 dictum
1820 3834 2105 3900 mancipare
2129 3873 2144 3901 ‚
2167 3835 2216 3885 id
2243 3843 2317 3887 est
2334 3855 2473 3890 man·

450 3928 583 3993 cipio
614 3927 845 3989 tradere,
883 3931 935 3975 et
965 3926 1283 3991 mancipatio.
1319 3927 1414 3976 Sed
1435 3925 1719 3990 mancipare
1739 3925 1801 3974 de
1818 3925 1912 3974 alia
1932 3941 2134 3990 quoque
2172 3929 2472 3981 venditione.

452 4018 681 4084 Ejusdem
720 4018 899 4066 radicis
936 4023 1012 4067 est
1049 4034 1309 4082 manceps,
1351 4017 1412 4066 de
1453 4022 1671 4080 emtore,
1699 4016 2008 4080 redemtore,
2044 4017 2106 4066 de
2143 4020 2308 4083 prede
2325 4022 2472 4070 etium

456 4114 768 4172 usurpatum.
796 4108 863 4157 De
886 4108 1078 4157 solenni
1101 4107 1346 4158 alienandi
1369 4108 1533 4173 specie
1555 4109 1704 4159 etiam
1737 4114 2008 4158 occurrunt
2026 4110 2265 4159 vocabulo
2286 4126 2468 4160 nexum
