3111 4829
1574 333 1825 419 (308)

680 491 788 556 gra
841 467 1129 532 animalia
1155 465 1260 555 3),
1307 468 1371 531 in
1421 465 1647 552 quibus
1694 467 1804 531 bos
1844 479 1906 532 et
1947 470 2092 533 ovis.
2116 467 2307 533 'Inter
2343 470 2717 555 cognomina

679 585 1055 647 Summanus
1077 583 1120 647 i.
1139 601 1196 646 os
1222 603 1502 646 summus
1529 583 1809 646 manium
1831 632 1848 666 ,
1878 583 2206 649 dubitante
2226 595 2432 649 tamen
2455 585 2679 651 Ovidio
2694 635 2716 671 ‚

674 719 755 761 an
798 695 963 760 idem
998 697 1073 759 sit
1114 717 1259 760 cum
1298 696 1591 778 Plutone,
1618 697 1858 781 Jupiter
1891 698 2173 784 Stygius,
2198 697 2562 764 umbrarum
2587 698 2719 765 do·-

561 893 566 896 ,
676 814 905 894 minuS,
929 821 990 875 et
1019 810 1261 891 similia,
1285 809 1553 892 Vejovis,
1582 810 1858 874 Februus
1883 809 1984 897 (ς.
2001 809 2206 899 336.),
2229 813 2476 896 Feralis,
2502 814 2713 894 Quie-

674 925 841 1007 talis,
870 924 1141 988 Soranus
1162 920 1248 1011 4).
1274 923 1523 1009 Effigies
1559 922 1656 988 dei
1680 935 1771 989 est
1800 927 1963 989 senis
1985 925 2245 1011 barbati,
2277 927 2453 991 vultu
2474 949 2715 1013 severo,

668 1042 736 1104 in
761 1040 908 1102 solio
933 1059 1004 1101 ex
1028 1037 1225 1101 ebeno
1244 1085 1262 1120 ,
1289 1047 1397 1100 aut
1417 1059 1607 1102 curru
1625 1036 1932 1122 vehentis3
1955 1061 2181 1106 corona
2199 1040 2350 1106 item
2380 1064 2451 1106 ex
2476 1043 2676 1132 ebeno
2694 1091 2713 1125 ‚

666 1155 761 1218 vel
780 1175 850 1217 ex
872 1151 1118 1216 adianto
1148 1161 1256 1215 ant
1276 1150 1541 1215 narcisso
1564 1175 1582 1236 3
1604 1152 1672 1214 in
1704 1174 1896 1217 manu
1919 1163 2231 1239 sceptrum
2263 1155 2360 1218 vel
2374 1155 2597 1238 clavis;
2630 1155 2713 1221 ad

663 1265 848 1353 pedes
885 1287 1041 1351 saepe
1069 1266 1388 1331 Cerberus,
1426 1264 1676 1329 Plutoni
1704 1267 1930 1331 sociata
1960 1278 2135 1353 rapta
2164 1266 2244 1331 ab
2274 1290 2346 1332 eo
2372 1290 2522 1333 uxor
2544 1270 2712 1334 Pro-

663 1381 945 1467 serpina,
979 1378 1217 1446 Cereris
1237 1379 1395 1463 filia,
1416 1379 1769 1444 Inferorum
1801 1378 2051 1446 domina
2074 1430 2092 1465 ,
2114 1383 2307 1447 multa
2336 1385 2709 1471 cognomina

661 1495 914 1579 habenS,
939 1495 1006 1559 in
1028 1494 1254 1580 quibus
1275 1494 1438 1557 June
1468 1493 1671 1559 infera
1690 1544 1707 1577 ,
1738 1494 2072 1580 profunda,
2091 1496 2329 1562 Lucina
2352 1509 2412 1562 et
2441 1501 2673 1568 Averna
2690 1549 2709 1583 ,

658 1607 1172 1691 Hecate,Libera.
1206 1606 1281 1669 In
1308 1606 1491 1672 sacris
1507 1591 1886 1692 Proserpinae
1914 1630 2103 1695 grana
2136 1609 2287 1674 mali
2317 1611 2571 1696 punicei
2602 1609 2708 1700 5),

659 1733 720 1786 et
769 1721 1136 1808 vespertilio,
1178 1721 1243 1783 in
1292 1719 1502 1783 hostiis
1539 1742 1721 1805 porca
1738 1770 1757 1804 ,
1805 1732 1869 1784 et
1908 1742 2089 1787 vacca
2133 1723 2378 1789 sterilis.
2426 1725 2710 1790 Plutonis

657 1836 952 1900 ministrae
982 1836 1187 1899 Parcae
1217 1829 1325 1920 6),
1350 1834 1583 1914 Μοῖραι,
1632 1835 1874 1919 Clotho,
1906 1834 2185 1904 Lachesis
2205 1886 2224 1921 ‚
2252 1837 2515 1923 Atropos
2533 1886 2551 1921 ,
2597 1838 2709 1904 fa·-

654 1948 857 2013 tidieae
886 1947 956 2037 7)
983 1998 999 2032 ,
1049 1949 1189 2011 vitae
1229 1948 1406 2012 filum
1439 1949 1557 2013 alia
1600 1947 1833 2014 ducens
1851 1997 1869 2033 ‚
1899 1949 2019 2015 alia
2047 1949 2408 2035 suscipiens,
2438 1948 2556 2017 alia
2580 1971 2697 2014 se·-

655 2053 801 2126 cans
826 2059 928 2150 8);
960 2063 1157 2127 Furiae
1186 2062 1637 2153 (Eumenides,
1667 2063 1999 2148 Erinnyes,
2032 2059 2223 2150 Dirae)
2243 2112 2259 2146 ,
2283 2074 2399 2131 etc.

723 2227 774 2290 1)
796 2227 900 2274 Cic.
927 2226 1077 2276 Verr.
1104 2227 1163 2292 4,
1187 2228 1270 2276 50.
1293 2255 1352 2264 -
1377 2228 1430 2289 Ξ)
1449 2227 1524 2275 Cs.
1545 2226 1688 2274 ovid.
1713 2226 1858 2275 Fast.
1893 2225 1955 2292 6,
1978 2226 2095 2276 731.
2128 2255 2189 2264 —
2223 2227 2276 2292 3)
2313 2227 2389 2277 Cf.
2414 2227 2527 2277 Tib.
2551 2227 2616 2292 δ,
2641 2229 2698 2293 5,

657 2314 740 2362 55.
774 2341 836 2352 -
867 2314 917 2374 4)
948 2316 1024 2365 cr.
1047 2316 1183 2365 sm.
1205 2315 1265 2364 ad
1287 2316 1408 2365 ΑΒ...
1435 2317 1525 2377 11,
1549 2315 1667 2364 785.
1686 2341 1747 2352 -
1770 2314 1822 2379 5)
1848 2313 1923 2363 cr.
1948 2314 2089 2364 ovid.
2115 2314 2247 2364 Mu.
2264 2317 2296 2366 5
2312 2352 2329 2379 ‚
2351 2316 2601 2379 ssa-o)
2617 2318 2698 2366 cr.

653 2404 829 2455 Claud.
852 2404 923 2455 R.
947 2405 1012 2454 P.
1044 2405 1098 2469 1,
1118 2405 1201 2455 55.
1228 2430 1290 2443 -—-
1312 2403 1365 2467 7>
1390 2405 1466 2457 Cf.
1484 2405 1628 2471 Virg-
1662 2403 1785 2457 Ecl.
1810 2402 1842 2459 4
1858 2441 1874 2469 ‚
1897 2404 1993 2471 45,
2017 2404 2125 2462 Qut.
2147 2404 2242 2470 64,
2265 2407 2384 2459 5013.
2404 2424 2517 2474 sqq.
2553 2436 2618 2450 —-
2637 2408 2697 2474 8,)

653 2495 729 2547 Cf.
751 2495 859 2543 cat.
886 2495 958 2543 ib.
983 2493 1099 2549 510,
1120 2510 1232 2565 sqq.
1997 2486 2027 2525 l
2230 2527 2238 2538 .

742 2636 895 2698 303.
946 2633 1172 2723 Liber(
1184 2634 1491 2719 Bacchus3
1520 2635 1906 2724 Loebasius),
1938 2641 2181 2704 Semele
2215 2651 2277 2704 et
2309 2640 2504 2729 Jove(
2526 2640 2691 2706 Dio-

651 2747 904 2835 nysus),
934 2747 1001 2812 in
1020 2748 1320 2834 mysteriis
1340 2750 1696 2835 Proserpina
1732 2761 1925 2815 matre
1958 2754 2221 2837 genitus,
2245 2753 2383 2817 vitis
2412 2752 2692 2827 colendoe

647 2864 899 2950 vinique
948 2873 1160 2928 auctor
1206 2873 1266 2927 et
1305 2862 1456 2927 dens
1495 2852 1863 2953 (Bacchus,
1893 2865 2122 2930 Bacchi
2158 2889 2425 2932 munera
2468 2877 2583 2932 eto.
2616 2862 2690 2953 ),

646 2980 825 3044 almae
852 2991 1088 3043 naturae
1108 3028 1125 3061 ,
1160 2990 1220 3043 et
1238 2980 1376 3042 vitae
1409 2979 1647 3043 sociatae
1682 2980 1889 3066 imago
1917 2978 1982 3069 1)
2004 3030 2020 3064 ,
2041 2956 2295 3049 'laetitiae
2317 2982 2522 3067 dator,
2556 2993 2692 3049 tra-

647 3093 965 3179 gicorum,
995 3092 1263 3156 omnino
1311 3102 1628 3178 poctarum
1670 3092 1860 3173 deus,
1891 3096 2200 3178 templum
2242 3098 2456 3163 Romae
2500 3117 2689 3160 com—

643 3230 835 3271 mune
862 3230 1010 3272 cum
1033 3206 1250 3273 Cerere
1280 3215 1343 3270 et
1362 3206 1553 3271 libera
1598 3204 1624 3295 (
1646 3207 1703 3292 §.
1735 3208 1885 3272 297.
1910 3204 1934 3295 )
1956 3257 1973 3290 ,
2009 3218 2072 3272 et
2113 3210 2231 3274 alia
2260 3208 2530 3294 propria,
2556 3208 2688 3275 ha—

641 3322 846 3387 bebat.
904 3322 1086 3385 Sacra
1135 3320 1195 3383 ei
1238 3319 1375 3383 vitis
1400 3367 1418 3403 ,
1468 3297 1794 3383 vindemiae
1836 3320 2276 3404 instrumenta,
2324 3321 2551 3388 hedera
2622 3335 2687 3388 et

641 3458 887 3522 serpens
910 3484 928 3520 ,
995 3444 1333 3520 utrumque
1367 3441 1678 3517 perpetuae
1710 3432 1981 3517 juventae
2009 3432 2259 3519 signum
2288 3483 2306 3517 ,
2346 3434 2644 3520 panthera
2667 3485 2686 3521 ,

637 3552 812 3638 tigris
835 3600 853 3636 ‚
887 3560 962 3614 ut
1003 3559 1226 3614 cuncta
1276 3545 1587 3629 domanti3
1618 3546 1778 3612 inter
1799 3546 2074 3613 victimas
2101 3548 2412 3633 praecipua
2454 3570 2685 3636 caper;

637 3666 800 3728 inter
850 3662 1217 3750 cognomina
1266 3661 1599 3726 innumera
1638 3655 1731 3746 2)
1778 3658 2152 3743 Thebanus,
2200 3658 2281 3724 ab
2326 3660 2578 3750 Assyrio
2622 3673 2688 3735 et

631 3777 848 3843 Indico
903 3777 1252 3860 distinctus,
1300 3777 1631 3841 Bassareus
1651 3821 1670 3857 ,
1707 3772 2011 3858 Bimater,
2041 3773 2327 3838 Bromius
2354 3821 2372 3857 ‚
2416 3774 2637 3863 Lyaeus
2665 3819 2683 3853 ,

631 3889 872 3955 Eleleus
891 3938 908 3973 ,
944 3890 1120 3955 Euan
1145 3885 1383 3979 (evoe)
1410 3936 1428 3972 ‚
1458 3886 1724 3953 Jacchus
1745 3933 1763 3969 ,
1785 3885 2041 3952 Lenaeus
2065 3933 2083 3969 ‚
2124 3883 2366 3954 mum
2391 3884 2485 3975 3).
2537 3889 2683 3957 Fre,

635 4025 830 4092 quens
853 4013 914 4068 et
929 4004 1113 4090 patris
1133 4025 1362 4070 nomen
1401 3999 1509 4089 4);
1538 4013 1600 4071 et
1628 4003 1942 4089 congruit,
1978 4002 2142 4089 quod
2181 4003 2493 4073 interdum
2521 4006 2675 4080 bar·
