<?xml version="1.0" encoding="UTF-8"?>
<!DOCTYPE html PUBLIC "-//W3C//DTD XHTML 1.0 Transitional//EN"
    "http://www.w3.org/TR/xhtml1/DTD/xhtml1-transitional.dtd">
<html xmlns="http://www.w3.org/1999/xhtml" xml:lang="en" lang="en">
 <head>
  <title>
</title>
<meta http-equiv="Content-Type" content="text/html;charset=utf-8" />
  <meta name='ocr-system' content='tesseract 3.04.00' />
  <meta name='ocr-capabilities' content='ocr_page ocr_carea ocr_par ocr_line ocrx_word'/>
</head>
<body>
  <div class='ocr_page' id='page_1' title='image "./antiquitatesrom00dirkgoog_0141.png"; bbox 0 0 3111 4829; ppageno 0'>
   <div class='ocr_carea' id='block_1_1' title="bbox 1540 391 1792 475">
    <p class='ocr_par' dir='ltr' id='par_1_1' title="bbox 1540 334 1792 475">
     <span class='ocr_line' id='line_1_1' title="bbox 1540 391 1792 475; baseline 0.004 -1"><span class='ocrx_word' id='word_1_1' title='bbox 1540 391 1792 475; x_wconf 76' lang='lat'>‹10⁸›</span> 
     </span>
    </p>
   </div>
   <div class='ocr_carea' id='block_1_2' title="bbox 661 500 2892 635">
    <p class='ocr_par' dir='ltr' id='par_1_2' title="bbox 661 500 2892 635">
     <span class='ocr_line' id='line_1_2' title="bbox 661 500 2892 635; baseline -0.002 -43"><span class='ocrx_word' id='word_1_2' title='bbox 661 547 864 635; x_wconf 69' lang='lat' dir='ltr'><strong>aarum</strong></span> <span class='ocrx_word' id='word_1_3' title='bbox 892 500 1165 613; x_wconf 78' lang='lat' dir='ltr'><strong>tempora</strong></span> <span class='ocrx_word' id='word_1_4' title='bbox 1204 520 1493 608; x_wconf 75' lang='lat' dir='ltr'>durasse,</span> <span class='ocrx_word' id='word_1_5' title='bbox 1531 527 1774 589; x_wconf 80' lang='lat' dir='ltr'><strong>certum</strong></span> <span class='ocrx_word' id='word_1_6' title='bbox 1818 533 1907 588; x_wconf 80' lang='lat' dir='ltr'><strong>est</strong></span> <span class='ocrx_word' id='word_1_7' title='bbox 1932 520 2048 611; x_wconf 89' lang='lat'><strong>2),</strong></span> <span class='ocrx_word' id='word_1_8' title='bbox 2089 523 2176 588; x_wconf 73' lang='lat' dir='ltr'><strong>sic</strong></span> <span class='ocrx_word' id='word_1_9' title='bbox 2210 522 2452 589; x_wconf 86' lang='lat' dir='ltr'><strong>minuta</strong></span> <span class='ocrx_word' id='word_1_10' title='bbox 2481 543 2666 611; x_wconf 76' lang='lat' dir='ltr'><strong>quae-</strong></span> <span class='ocrx_word' id='word_1_11' title='bbox 2761 549 2766 554; x_wconf 90' lang='lat'><em>·</em></span> <span class='ocrx_word' id='word_1_12' title='bbox 2885 508 2892 513; x_wconf 30' lang='lat'>⁸</span> 
     </span>
    </p>
   </div>
   <div class='ocr_carea' id='block_1_3' title="bbox 570 637 2770 3938">
    <p class='ocr_par' dir='ltr' id='par_1_3' title="bbox 656 637 2698 1070">
     <span class='ocr_line' id='line_1_3' title="bbox 662 637 2669 730; baseline -0.003 -22"><span class='ocrx_word' id='word_1_13' title='bbox 662 664 912 730; x_wconf 90' lang='lat' dir='ltr'><strong>cunque</strong></span> <span class='ocrx_word' id='word_1_14' title='bbox 932 662 1050 707; x_wconf 87' lang='lat' dir='ltr'><strong>nec</strong></span> <span class='ocrx_word' id='word_1_15' title='bbox 1079 641 1232 706; x_wconf 83' lang='lat' dir='ltr'><strong>scire</strong></span> <span class='ocrx_word' id='word_1_16' title='bbox 1258 640 1434 704; x_wconf 77' lang='lat' dir='ltr'><strong>&#39;nobis</strong></span> <span class='ocrx_word' id='word_1_17' title='bbox 1461 660 1816 705; x_wconf 86' lang='lat' dir='ltr'><strong>concessum</strong></span> <span class='ocrx_word' id='word_1_18' title='bbox 1837 686 1856 724; x_wconf 89' lang='lat'>‚</span> <span class='ocrx_word' id='word_1_19' title='bbox 1888 659 2007 703; x_wconf 90' lang='lat' dir='ltr'><strong>uec</strong></span> <span class='ocrx_word' id='word_1_20' title='bbox 2033 637 2187 703; x_wconf 82' lang='lat' dir='ltr'><strong>tanti</strong></span> <span class='ocrx_word' id='word_1_21' title='bbox 2215 649 2305 702; x_wconf 87' lang='lat' dir='ltr'><strong>est</strong></span> <span class='ocrx_word' id='word_1_22' title='bbox 2324 687 2344 722; x_wconf 87' lang='lat'>‚</span> <span class='ocrx_word' id='word_1_23' title='bbox 2391 660 2464 703; x_wconf 84' lang='lat' dir='ltr'><strong>ea</strong></span> <span class='ocrx_word' id='word_1_24' title='bbox 2503 659 2669 702; x_wconf 82' lang='lat' dir='ltr'><strong>scru-</strong></span> 
     </span>
     <span class='ocr_line' id='line_1_4' title="bbox 664 753 2671 843; baseline -0.003 -22"><span class='ocrx_word' id='word_1_25' title='bbox 664 758 878 842; x_wconf 85' lang='lat' dir='ltr'><strong>pulose</strong></span> <span class='ocrx_word' id='word_1_26' title='bbox 908 756 1254 843; x_wconf 85' lang='lat' dir='ltr'><strong>inquirere,</strong></span> <span class='ocrx_word' id='word_1_27' title='bbox 1281 776 1419 843; x_wconf 79' lang='lat' dir='ltr'><strong>quae</strong></span> <span class='ocrx_word' id='word_1_28' title='bbox 1445 754 1497 819; x_wconf 85' lang='lat' dir='ltr'><strong>si</strong></span> <span class='ocrx_word' id='word_1_29' title='bbox 1536 753 1774 839; x_wconf 80' lang='lat' dir='ltr'><strong>singula</strong></span> <span class='ocrx_word' id='word_1_30' title='bbox 1808 753 2007 839; x_wconf 83' lang='lat' dir='ltr'><strong>potius</strong></span> <span class='ocrx_word' id='word_1_31' title='bbox 2030 800 2049 836; x_wconf 91' lang='lat'>,</span> <span class='ocrx_word' id='word_1_32' title='bbox 2098 774 2287 840; x_wconf 86' lang='lat' dir='ltr'><strong>quam</strong></span> <span class='ocrx_word' id='word_1_33' title='bbox 2306 800 2325 836; x_wconf 89' lang='lat'><strong>,</strong></span> <span class='ocrx_word' id='word_1_34' title='bbox 2370 753 2567 817; x_wconf 85' lang='lat' dir='ltr'><strong>multa</strong></span> <span class='ocrx_word' id='word_1_35' title='bbox 2609 761 2671 815; x_wconf 89' lang='lat' dir='ltr'><strong>et</strong></span> 
     </span>
     <span class='ocr_line' id='line_1_5' title="bbox 657 865 2698 957; baseline -0.003 -22"><span class='ocrx_word' id='word_1_36' title='bbox 657 872 822 937; x_wconf 83' lang='lat' dir='ltr'><strong>varia</strong></span> <span class='ocrx_word' id='word_1_37' title='bbox 850 893 977 937; x_wconf 88' lang='lat' dir='ltr'><strong>esse</strong></span> <span class='ocrx_word' id='word_1_38' title='bbox 995 919 1013 955; x_wconf 87' lang='lat'>,</span> <span class='ocrx_word' id='word_1_39' title='bbox 1054 869 1454 955; x_wconf 82' lang='lat' dir='ltr'><strong>intelligeres,</strong></span> <span class='ocrx_word' id='word_1_40' title='bbox 1501 878 1708 933; x_wconf 86' lang='lat' dir='ltr'><strong>tamen</strong></span> <span class='ocrx_word' id='word_1_41' title='bbox 1737 865 1817 934; x_wconf 85' lang='lat' dir='ltr'><strong>ad</strong></span> <span class='ocrx_word' id='word_1_42' title='bbox 1863 866 2211 957; x_wconf 80' lang='lat' dir='ltr'><strong>graviorum</strong></span> <span class='ocrx_word' id='word_1_43' title='bbox 2249 866 2698 953; x_wconf 83' lang='lat' dir='ltr'><strong>coguitionem-</strong></span> 
     </span>
     <span class='ocr_line' id='line_1_6' title="bbox 656 983 1461 1070; baseline 0 -22"><span class='ocrx_word' id='word_1_44' title='bbox 656 1008 867 1050; x_wconf 86' lang='lat' dir='ltr'><strong>rerum</strong></span> <span class='ocrx_word' id='word_1_45' title='bbox 899 1005 1119 1070; x_wconf 88' lang='lat' dir='ltr'><strong>parum</strong></span> <span class='ocrx_word' id='word_1_46' title='bbox 1143 983 1461 1067; x_wconf 74' lang='lat' dir='ltr'><strong>juvaretis.</strong></span> 
     </span>
    </p>

    <p class='ocr_par' dir='ltr' id='par_1_4' title="bbox 719 1117 1841 1189">
     <span class='ocr_line' id='line_1_7' title="bbox 719 1117 1841 1189; baseline -0.003 -15"><span class='ocrx_word' id='word_1_47' title='bbox 719 1122 773 1188; x_wconf 80' lang='lat'><strong>1)</strong></span> <span class='ocrx_word' id='word_1_48' title='bbox 808 1122 884 1171; x_wconf 83' lang='lat' dir='ltr'><strong>cf.</strong></span> <span class='ocrx_word' id='word_1_49' title='bbox 903 1122 1008 1188; x_wconf 79' lang='lat' dir='ltr'><strong>Caj.</strong></span> <span class='ocrx_word' id='word_1_50' title='bbox 1031 1122 1057 1172; x_wconf 79' lang='lat'>1</span> <span class='ocrx_word' id='word_1_51' title='bbox 1080 1157 1098 1185; x_wconf 89' lang='lat'><em>‚</em></span> <span class='ocrx_word' id='word_1_52' title='bbox 1120 1119 1206 1171; x_wconf 81' lang='lat'><strong>⁷9.</strong></span> <span class='ocrx_word' id='word_1_53' title='bbox 1228 1148 1289 1159; x_wconf 91' lang='lat'>—</span> <span class='ocrx_word' id='word_1_54' title='bbox 1310 1120 1366 1186; x_wconf 67' lang='grc' dir='ltr'><strong>Ξ)</strong></span> <span class='ocrx_word' id='word_1_55' title='bbox 1391 1120 1466 1169; x_wconf 77' lang='lat' dir='ltr'><strong>Cf.</strong></span> <span class='ocrx_word' id='word_1_56' title='bbox 1490 1120 1633 1185; x_wconf 75' lang='lat' dir='ltr'><strong>Ilugo</strong></span> <span class='ocrx_word' id='word_1_57' title='bbox 1654 1117 1701 1189; x_wconf 89' lang='lat'><strong>§.</strong></span> <span class='ocrx_word' id='word_1_58' title='bbox 1723 1120 1841 1171; x_wconf 73' lang='lat'><strong>338.</strong></span> 
     </span>
    </p>

    <p class='ocr_par' dir='ltr' id='par_1_5' title="bbox 655 1231 2770 2003">
     <span class='ocr_line' id='line_1_8' title="bbox 748 1231 2758 1330; baseline -0.003 -30"><span class='ocrx_word' id='word_1_59' title='bbox 748 1237 899 1305; x_wconf 78' lang='lat'><strong>122,</strong></span> <span class='ocrx_word' id='word_1_60' title='bbox 931 1236 1249 1320; x_wconf 78' lang='lat' dir='ltr'><strong>Instituta,</strong></span> <span class='ocrx_word' id='word_1_61' title='bbox 1279 1233 1445 1330; x_wconf 86' lang='lat' dir='ltr'><strong>quod</strong></span> <span class='ocrx_word' id='word_1_62' title='bbox 1473 1234 1739 1303; x_wconf 79' lang='lat' dir='ltr'><strong>diximus</strong></span> <span class='ocrx_word' id='word_1_63' title='bbox 1762 1234 1848 1327; x_wconf 79' lang='lat'><strong>(§.</strong></span> <span class='ocrx_word' id='word_1_64' title='bbox 1899 1232 2096 1322; x_wconf 82' lang='lat'>114),</span> <span class='ocrx_word' id='word_1_65' title='bbox 2126 1244 2355 1301; x_wconf 86' lang='lat' dir='ltr'><strong>servato</strong></span> <span class='ocrx_word' id='word_1_66' title='bbox 2379 1281 2398 1317; x_wconf 91' lang='lat'>‚</span> <span class='ocrx_word' id='word_1_67' title='bbox 2442 1231 2632 1296; x_wconf 80' lang='lat' dir='ltr'><strong>ltaliae</strong></span> <span class='ocrx_word' id='word_1_68' title='bbox 2652 1278 2671 1313; x_wconf 91' lang='lat'>,</span> <span class='ocrx_word' id='word_1_69' title='bbox 2749 1260 2758 1274; x_wconf 89' lang='lat'><strong>·</strong></span> 
     </span>
     <span class='ocr_line' id='line_1_9' title="bbox 656 1344 2671 1441; baseline -0.003 -28"><span class='ocrx_word' id='word_1_70' title='bbox 656 1360 875 1441; x_wconf 83' lang='lat' dir='ltr'><strong>praeter</strong></span> <span class='ocrx_word' id='word_1_71' title='bbox 894 1348 1239 1439; x_wconf 81' lang='lat' dir='ltr'><strong>municipes</strong></span> <span class='ocrx_word' id='word_1_72' title='bbox 1263 1360 1326 1414; x_wconf 90' lang='lat' dir='ltr'><strong>et</strong></span> <span class='ocrx_word' id='word_1_73' title='bbox 1363 1352 1608 1415; x_wconf 82' lang='lat' dir='ltr'><strong>colonos</strong></span> <span class='ocrx_word' id='word_1_74' title='bbox 1622 1400 1641 1434; x_wconf 86' lang='lat'>‚</span> <span class='ocrx_word' id='word_1_75' title='bbox 1682 1351 1893 1436; x_wconf 92' lang='lat' dir='ltr'><strong>populi</strong></span> <span class='ocrx_word' id='word_1_76' title='bbox 1914 1352 2218 1415; x_wconf 90' lang='lat' dir='ltr'><strong>sociorum</strong></span> <span class='ocrx_word' id='word_1_77' title='bbox 2247 1349 2371 1412; x_wconf 77' lang='lat' dir='ltr'><strong>sive</strong></span> <span class='ocrx_word' id='word_1_78' title='bbox 2394 1344 2671 1412; x_wconf 77' lang='lat' dir='ltr'><strong>foedera-</strong></span> 
     </span>
     <span class='ocr_line' id='line_1_10' title="bbox 659 1455 2770 1548; baseline -0.004 -22"><span class='ocrx_word' id='word_1_79' title='bbox 659 1474 865 1531; x_wconf 85' lang='lat' dir='ltr'><strong>tarum</strong></span> <span class='ocrx_word' id='word_1_80' title='bbox 886 1463 1204 1529; x_wconf 81' lang='lat' dir='ltr'><strong>civitatum</strong></span> <span class='ocrx_word' id='word_1_81' title='bbox 1225 1462 1474 1528; x_wconf 91' lang='lat' dir='ltr'><strong>nomine</strong></span> <span class='ocrx_word' id='word_1_82' title='bbox 1496 1486 1532 1528; x_wconf 86' lang='lat' dir='ltr'><strong>a</strong></span> <span class='ocrx_word' id='word_1_83' title='bbox 1559 1462 1862 1534; x_wconf 83' lang='lat' dir='ltr'><strong>Romanis</strong></span> <span class='ocrx_word' id='word_1_84' title='bbox 1904 1460 2337 1548; x_wconf 81' lang='lat' dir='ltr'><strong>comprehensi</strong></span> <span class='ocrx_word' id='word_1_85' title='bbox 2363 1456 2429 1546; x_wconf 91' lang='lat'><strong>1)</strong></span> <span class='ocrx_word' id='word_1_86' title='bbox 2456 1506 2475 1543; x_wconf 83' lang='lat'>,</span> <span class='ocrx_word' id='word_1_87' title='bbox 2505 1455 2675 1544; x_wconf 91' lang='lat' dir='ltr'><strong>quod</strong></span> <span class='ocrx_word' id='word_1_88' title='bbox 2759 1455 2770 1460; x_wconf 78' lang='grc'><strong>”</strong></span> 
     </span>
     <span class='ocr_line' id='line_1_11' title="bbox 657 1569 2677 1670; baseline -0.001 -29"><span class='ocrx_word' id='word_1_89' title='bbox 657 1577 885 1670; x_wconf 87' lang='lat' dir='ltr'><strong>quihus</strong></span> <span class='ocrx_word' id='word_1_90' title='bbox 912 1586 1124 1641; x_wconf 90' lang='lat' dir='ltr'><strong>contra</strong></span> <span class='ocrx_word' id='word_1_91' title='bbox 1167 1578 1437 1665; x_wconf 84' lang='lat' dir='ltr'><strong>singulos</strong></span> <span class='ocrx_word' id='word_1_92' title='bbox 1468 1578 1645 1643; x_wconf 87' lang='lat' dir='ltr'><strong>bellis</strong></span> <span class='ocrx_word' id='word_1_93' title='bbox 1684 1578 2033 1669; x_wconf 85' lang='lat' dir='ltr'><strong>quibusque</strong></span> <span class='ocrx_word' id='word_1_94' title='bbox 2078 1574 2324 1641; x_wconf 64' lang='lat' dir='ltr'><strong>foederis</strong></span> <span class='ocrx_word' id='word_1_95' title='bbox 2362 1569 2677 1638; x_wconf 70' lang='lat' dir='ltr'><strong>conditiu-</strong></span> 
     </span>
     <span class='ocr_line' id='line_1_12' title="bbox 655 1682 2679 1784; baseline -0.004 -28"><span class='ocrx_word' id='word_1_96' title='bbox 655 1691 844 1756; x_wconf 86' lang='lat' dir='ltr'><strong>nibus</strong></span> <span class='ocrx_word' id='word_1_97' title='bbox 882 1692 1114 1756; x_wconf 87' lang='lat' dir='ltr'><strong>factum</strong></span> <span class='ocrx_word' id='word_1_98' title='bbox 1151 1692 1264 1776; x_wconf 87' lang='lat' dir='ltr'><strong>sit,</strong></span> <span class='ocrx_word' id='word_1_99' title='bbox 1306 1694 1643 1784; x_wconf 80' lang='lat' dir='ltr'><strong>expositum</strong></span> <span class='ocrx_word' id='word_1_100' title='bbox 1693 1715 1731 1758; x_wconf 84' lang='lat' dir='ltr'><strong>a</strong></span> <span class='ocrx_word' id='word_1_101' title='bbox 1770 1692 1837 1758; x_wconf 90' lang='lat' dir='ltr'><strong>C.</strong></span> <span class='ocrx_word' id='word_1_102' title='bbox 1863 1691 2112 1778; x_wconf 88' lang='lat' dir='ltr'><strong>Sigonio</strong></span> <span class='ocrx_word' id='word_1_103' title='bbox 2136 1689 2438 1755; x_wconf 81' lang='lat' dir='ltr'><strong>hahemus</strong></span> <span class='ocrx_word' id='word_1_104' title='bbox 2477 1682 2569 1773; x_wconf 83' lang='lat'><strong>2).</strong></span> <span class='ocrx_word' id='word_1_105' title='bbox 2600 1685 2679 1748; x_wconf 89' lang='lat' dir='ltr'><strong>Iu</strong></span> 
     </span>
     <span class='ocr_line' id='line_1_13' title="bbox 658 1800 2677 1893; baseline -0.003 -26"><span class='ocrx_word' id='word_1_106' title='bbox 658 1803 835 1868; x_wconf 91' lang='lat' dir='ltr'><strong>sociis</strong></span> <span class='ocrx_word' id='word_1_107' title='bbox 892 1804 1084 1868; x_wconf 82' lang='lat' dir='ltr'><strong>Italiae</strong></span> <span class='ocrx_word' id='word_1_108' title='bbox 1141 1804 1484 1869; x_wconf 79' lang='lat' dir='ltr'><strong>civitatibus</strong></span> <span class='ocrx_word' id='word_1_109' title='bbox 1536 1805 1728 1869; x_wconf 87' lang='lat' dir='ltr'><strong>Tibur</strong></span> <span class='ocrx_word' id='word_1_110' title='bbox 1753 1853 1772 1889; x_wconf 91' lang='lat'>‚</span> <span class='ocrx_word' id='word_1_111' title='bbox 1839 1804 2047 1890; x_wconf 81' lang='lat' dir='ltr'><strong>Capua</strong></span> <span class='ocrx_word' id='word_1_112' title='bbox 2085 1802 2113 1893; x_wconf 90' lang='lat'><strong>(</strong></span> <span class='ocrx_word' id='word_1_113' title='bbox 2143 1812 2274 1889; x_wconf 86' lang='lat' dir='ltr'><strong>post</strong></span> <span class='ocrx_word' id='word_1_114' title='bbox 2317 1800 2677 1887; x_wconf 67' lang='lat' dir='ltr'><strong>praefectura</strong></span> 
     </span>
     <span class='ocr_line' id='line_1_14' title="bbox 659 1912 2535 2003; baseline -0.002 -22"><span class='ocrx_word' id='word_1_115' title='bbox 659 1915 815 1981; x_wconf 76' lang='lat' dir='ltr'><strong>tacta</strong></span> <span class='ocrx_word' id='word_1_116' title='bbox 839 1912 901 2003; x_wconf 90' lang='lat'><strong>),</strong></span> <span class='ocrx_word' id='word_1_117' title='bbox 928 1917 1207 2003; x_wconf 81' lang='lat' dir='ltr'><strong>Neapolis</strong></span> <span class='ocrx_word' id='word_1_118' title='bbox 1226 1965 1245 2001; x_wconf 89' lang='lat'>,</span> <span class='ocrx_word' id='word_1_119' title='bbox 1264 1917 1633 2003; x_wconf 88' lang='lat' dir='ltr'><strong>Tarentum,</strong></span> <span class='ocrx_word' id='word_1_120' title='bbox 1676 1917 1811 1983; x_wconf 79' lang='lat' dir='ltr'><strong>aliae</strong></span> <span class='ocrx_word' id='word_1_121' title='bbox 1838 1919 2050 1991; x_wconf 79' lang='lat' dir='ltr'><strong>multae</strong></span> <span class='ocrx_word' id='word_1_122' title='bbox 2094 1925 2535 1981; x_wconf 83' lang='lat' dir='ltr'><strong>memorantur.</strong></span> 
     </span>
    </p>

    <p class='ocr_par' dir='ltr' id='par_1_6' title="bbox 570 2024 2690 3938">
     <span class='ocr_line' id='line_1_15' title="bbox 748 2024 2679 2119; baseline -0.003 -25"><span class='ocrx_word' id='word_1_123' title='bbox 748 2031 1073 2095; x_wconf 84' lang='lat' dir='ltr'><strong>Sociorum</strong></span> <span class='ocrx_word' id='word_1_124' title='bbox 1118 2041 1327 2096; x_wconf 84' lang='lat' dir='ltr'><strong>autem</strong></span> <span class='ocrx_word' id='word_1_125' title='bbox 1370 2031 1595 2119; x_wconf 92' lang='lat' dir='ltr'><strong>populo</strong></span> <span class='ocrx_word' id='word_1_126' title='bbox 1637 2033 1920 2097; x_wconf 85' lang='lat' dir='ltr'><strong>Romano</strong></span> <span class='ocrx_word' id='word_1_127' title='bbox 1970 2043 2046 2095; x_wconf 80' lang='lat' dir='ltr'><strong>ut</strong></span> <span class='ocrx_word' id='word_1_128' title='bbox 2086 2026 2534 2117; x_wconf 83' lang='lat' dir='ltr'><strong>antiquissimi,</strong></span> <span class='ocrx_word' id='word_1_129' title='bbox 2591 2024 2679 2088; x_wconf 83' lang='lat' dir='ltr'><strong>sic</strong></span> 
     </span>
     <span class='ocr_line' id='line_1_16' title="bbox 656 2121 2679 2234; baseline -0.004 -24"><span class='ocrx_word' id='word_1_130' title='bbox 656 2141 909 2210; x_wconf 75' lang='lat' dir='ltr'><strong>foederis</strong></span> <span class='ocrx_word' id='word_1_131' title='bbox 966 2121 1323 2210; x_wconf 43' lang='lat' dir='ltr'><strong>&#39;conditione</strong></span> <span class='ocrx_word' id='word_1_132' title='bbox 1386 2156 1737 2231; x_wconf 67' lang='lat' dir='ltr'><strong>praestantes</strong></span> <span class='ocrx_word' id='word_1_133' title='bbox 1791 2144 1989 2211; x_wconf 84' lang='lat' dir='ltr'><strong>Latini</strong></span> <span class='ocrx_word' id='word_1_134' title='bbox 2009 2192 2028 2230; x_wconf 88' lang='lat'>‚</span> <span class='ocrx_word' id='word_1_135' title='bbox 2086 2143 2164 2215; x_wconf 88' lang='lat' dir='ltr'><strong>de</strong></span> <span class='ocrx_word' id='word_1_136' title='bbox 2231 2141 2454 2234; x_wconf 86' lang='lat' dir='ltr'><strong>quibus</strong></span> <span class='ocrx_word' id='word_1_137' title='bbox 2517 2138 2679 2205; x_wconf 78' lang='lat' dir='ltr'><strong>infra</strong></span> 
     </span>
     <span class='ocr_line' id='line_1_17' title="bbox 570 2248 2680 2342; baseline -0.002 -21"><span class='ocrx_word' id='word_1_138' title='bbox 570 2248 575 2253; x_wconf 69' lang='grc'><strong><em>’</em></strong></span> <span class='ocrx_word' id='word_1_139' title='bbox 662 2256 1006 2342; x_wconf 86' lang='lat' dir='ltr'><strong>separatim.</strong></span> <span class='ocrx_word' id='word_1_140' title='bbox 1034 2256 1397 2324; x_wconf 89' lang='lat' dir='ltr'><strong>Communis</strong></span> <span class='ocrx_word' id='word_1_141' title='bbox 1413 2267 1624 2325; x_wconf 82' lang='lat' dir='ltr'><strong>tamen</strong></span> <span class='ocrx_word' id='word_1_142' title='bbox 1643 2255 1913 2322; x_wconf 82' lang='lat' dir='ltr'><strong>conditio</strong></span> <span class='ocrx_word' id='word_1_143' title='bbox 1933 2257 2237 2322; x_wconf 86' lang='lat' dir='ltr'><strong>tributum</strong></span> <span class='ocrx_word' id='word_1_144' title='bbox 2257 2266 2320 2321; x_wconf 87' lang='lat' dir='ltr'><strong>et</strong></span> <span class='ocrx_word' id='word_1_145' title='bbox 2346 2253 2424 2320; x_wconf 87' lang='lat' dir='ltr'><strong>ad</strong></span> <span class='ocrx_word' id='word_1_146' title='bbox 2443 2252 2680 2317; x_wconf 86' lang='lat' dir='ltr'><strong>bellum</strong></span> 
     </span>
     <span class='ocr_line' id='line_1_18' title="bbox 663 2367 2682 2464; baseline -0.003 -27"><span class='ocrx_word' id='word_1_147' title='bbox 663 2371 889 2437; x_wconf 79' lang='lat' dir='ltr'><strong>auxilia</strong></span> <span class='ocrx_word' id='word_1_148' title='bbox 920 2372 1191 2460; x_wconf 81' lang='lat' dir='ltr'><strong>praebere</strong></span> <span class='ocrx_word' id='word_1_149' title='bbox 1219 2369 1310 2462; x_wconf 85' lang='lat'><strong>3).</strong></span> <span class='ocrx_word' id='word_1_150' title='bbox 1341 2371 1680 2458; x_wconf 80' lang='lat' dir='ltr'><strong>Caeterum,</strong></span> <span class='ocrx_word' id='word_1_151' title='bbox 1708 2395 1837 2439; x_wconf 90' lang='lat' dir='ltr'><strong>uon</strong></span> <span class='ocrx_word' id='word_1_152' title='bbox 1857 2372 2038 2439; x_wconf 89' lang='lat' dir='ltr'><strong>modo</strong></span> <span class='ocrx_word' id='word_1_153' title='bbox 2058 2373 2283 2464; x_wconf 83' lang='lat' dir='ltr'><strong>libera,¹</strong></span> <span class='ocrx_word' id='word_1_154' title='bbox 2318 2391 2467 2437; x_wconf 91' lang='lat' dir='ltr'><strong>cum</strong></span> <span class='ocrx_word' id='word_1_155' title='bbox 2494 2367 2642 2434; x_wconf 84' lang='lat' dir='ltr'><strong>alias</strong></span> <span class='ocrx_word' id='word_1_156' title='bbox 2663 2414 2682 2449; x_wconf 90' lang='lat'>,</span> 
     </span>
     <span class='ocr_line' id='line_1_19' title="bbox 664 2465 2684 2573; baseline -0.001 -27"><span class='ocrx_word' id='word_1_157' title='bbox 664 2495 802 2548; x_wconf 84' lang='lat' dir='ltr'><strong>tum</strong></span> <span class='ocrx_word' id='word_1_158' title='bbox 826 2485 998 2550; x_wconf 79' lang='lat' dir='ltr'><strong>lectis</strong></span> <span class='ocrx_word' id='word_1_159' title='bbox 1038 2508 1075 2550; x_wconf 89' lang='lat' dir='ltr'><strong>a</strong></span> <span class='ocrx_word' id='word_1_160' title='bbox 1111 2465 1335 2572; x_wconf 88' lang='lat' dir='ltr'><strong>populo</strong></span> <span class='ocrx_word' id='word_1_161' title='bbox 1377 2486 1853 2573; x_wconf 76' lang='lat' dir='ltr'><strong>magistratibus,</strong></span> <span class='ocrx_word' id='word_1_162' title='bbox 1883 2487 2238 2573; x_wconf 81' lang='lat' dir='ltr'><strong>reipublicae</strong></span> <span class='ocrx_word' id='word_1_163' title='bbox 2279 2485 2477 2554; x_wconf 83' lang='lat' dir='ltr'><strong>forma</strong></span> <span class='ocrx_word' id='word_1_164' title='bbox 2506 2479 2684 2552; x_wconf 86' lang='lat' dir='ltr'><strong>sociis</strong></span> 
     </span>
     <span class='ocr_line' id='line_1_20' title="bbox 664 2573 2685 2684; baseline -0.002 -24"><span class='ocrx_word' id='word_1_165' title='bbox 664 2592 1016 2684; x_wconf 76' lang='lat' dir='ltr'><strong>relicta&#39;4)‚</strong></span> <span class='ocrx_word' id='word_1_166' title='bbox 1058 2596 1164 2663; x_wconf 86' lang='lat' dir='ltr'><strong>sed</strong></span> <span class='ocrx_word' id='word_1_167' title='bbox 1206 2596 1489 2684; x_wconf 80' lang='lat' dir='ltr'><strong>quaedam</strong></span> <span class='ocrx_word' id='word_1_168' title='bbox 1528 2599 1781 2684; x_wconf 89' lang='lat' dir='ltr'><strong>insuper</strong></span> <span class='ocrx_word' id='word_1_169' title='bbox 1811 2573 2110 2684; x_wconf 84' lang='lat' dir='ltr'><strong>singulis,</strong></span> <span class='ocrx_word' id='word_1_170' title='bbox 2153 2598 2273 2670; x_wconf 76' lang='lat' dir='ltr'><strong>alia</strong></span> <span class='ocrx_word' id='word_1_171' title='bbox 2298 2644 2318 2679; x_wconf 86' lang='lat'><strong>,</strong></span> <span class='ocrx_word' id='word_1_172' title='bbox 2356 2597 2424 2660; x_wconf 89' lang='lat' dir='ltr'><strong>in</strong></span> <span class='ocrx_word' id='word_1_173' title='bbox 2457 2594 2685 2682; x_wconf 88' lang='lat' dir='ltr'><strong>quibus</strong></span> 
     </span>
     <span class='ocr_line' id='line_1_21' title="bbox 660 2707 2690 2799; baseline -0.002 -26"><span class='ocrx_word' id='word_1_174' title='bbox 660 2708 766 2793; x_wconf 86' lang='lat' dir='ltr'><strong>jus</strong></span> <span class='ocrx_word' id='word_1_175' title='bbox 785 2710 1072 2776; x_wconf 88' lang='lat' dir='ltr'><strong>Italicum</strong></span> <span class='ocrx_word' id='word_1_176' title='bbox 1088 2758 1105 2793; x_wconf 90' lang='lat'>‚</span> <span class='ocrx_word' id='word_1_177' title='bbox 1133 2712 1372 2774; x_wconf 85' lang='lat' dir='ltr'><strong>cunctis</strong></span> <span class='ocrx_word' id='word_1_178' title='bbox 1395 2708 1482 2799; x_wconf 69' lang='lat'><strong>(⁰2)</strong></span> <span class='ocrx_word' id='word_1_179' title='bbox 1506 2732 1810 2776; x_wconf 85' lang='lat' dir='ltr'><strong>concessa.</strong></span> <span class='ocrx_word' id='word_1_180' title='bbox 1839 2712 2167 2795; x_wconf 81' lang='lat' dir='ltr'><strong>Postquam</strong></span> <span class='ocrx_word' id='word_1_181' title='bbox 2191 2730 2333 2798; x_wconf 81' lang='lat' dir='ltr'><strong>vero</strong></span> <span class='ocrx_word' id='word_1_182' title='bbox 2356 2707 2548 2771; x_wconf 79' lang='lat' dir='ltr'><strong>ltaliae</strong></span> <span class='ocrx_word' id='word_1_183' title='bbox 2571 2707 2690 2770; x_wconf 79' lang='lat' dir='ltr'><strong>toti</strong></span> 
     </span>
     <span class='ocr_line' id='line_1_22' title="bbox 663 2820 2687 2918; baseline -0.002 -31"><span class='ocrx_word' id='word_1_184' title='bbox 663 2822 874 2891; x_wconf 82' lang='lat' dir='ltr'><strong>civitas</strong></span> <span class='ocrx_word' id='word_1_185' title='bbox 916 2820 1055 2887; x_wconf 84' lang='lat' dir='ltr'><strong>data</strong></span> <span class='ocrx_word' id='word_1_186' title='bbox 1075 2871 1094 2907; x_wconf 89' lang='lat'>,</span> <span class='ocrx_word' id='word_1_187' title='bbox 1139 2823 1249 2918; x_wconf 88' lang='lat' dir='ltr'><strong>qui</strong></span> <span class='ocrx_word' id='word_1_188' title='bbox 1288 2824 1436 2896; x_wconf 90' lang='lat' dir='ltr'><strong>socii</strong></span> <span class='ocrx_word' id='word_1_189' title='bbox 1480 2822 1803 2909; x_wconf 89' lang='lat' dir='ltr'><strong>hucusque</strong></span> <span class='ocrx_word' id='word_1_190' title='bbox 1838 2824 2064 2916; x_wconf 91' lang='lat' dir='ltr'><strong>populo</strong></span> <span class='ocrx_word' id='word_1_191' title='bbox 2082 2824 2365 2893; x_wconf 83' lang='lat' dir='ltr'><strong>Romano</strong></span> <span class='ocrx_word' id='word_1_192' title='bbox 2392 2869 2411 2906; x_wconf 84' lang='lat'>,</span> <span class='ocrx_word' id='word_1_193' title='bbox 2451 2820 2687 2885; x_wconf 82' lang='lat' dir='ltr'><strong>caeteris</strong></span> 
     </span>
     <span class='ocr_line' id='line_1_23' title="bbox 663 2935 2687 3023; baseline -0.002 -24"><span class='ocrx_word' id='word_1_194' title='bbox 663 2935 887 3000; x_wconf 86' lang='lat' dir='ltr'><strong>incolis</strong></span> <span class='ocrx_word' id='word_1_195' title='bbox 901 2935 1045 3020; x_wconf 87' lang='lat' dir='ltr'><strong>jure</strong></span> <span class='ocrx_word' id='word_1_196' title='bbox 1070 2937 1297 3023; x_wconf 82' lang='lat' dir='ltr'><strong>aequati</strong></span> <span class='ocrx_word' id='word_1_197' title='bbox 1325 2946 1468 3002; x_wconf 87' lang='lat' dir='ltr'><strong>sunt</strong></span> <span class='ocrx_word' id='word_1_198' title='bbox 1492 2984 1510 3021; x_wconf 89' lang='lat'>,</span> <span class='ocrx_word' id='word_1_199' title='bbox 1559 2958 1634 3002; x_wconf 86' lang='lat' dir='ltr'><strong>ac</strong></span> <span class='ocrx_word' id='word_1_200' title='bbox 1669 2936 1975 3002; x_wconf 83' lang='lat' dir='ltr'><strong>Romanis</strong></span> <span class='ocrx_word' id='word_1_201' title='bbox 1996 2936 2131 3022; x_wconf 85' lang='lat' dir='ltr'><strong>jam</strong></span> <span class='ocrx_word' id='word_1_202' title='bbox 2158 2935 2402 3023; x_wconf 76' lang='lat' dir='ltr'><strong>legibus</strong></span> <span class='ocrx_word' id='word_1_203' title='bbox 2442 2942 2687 2998; x_wconf 81' lang='lat' dir='ltr'><strong>utentes</strong></span> 
     </span>
     <span class='ocr_line' id='line_1_24' title="bbox 667 3049 2684 3139; baseline -0.002 -24"><span class='ocrx_word' id='word_1_204' title='bbox 667 3049 737 3139; x_wconf 83' lang='lat'><strong>5)</strong></span> <span class='ocrx_word' id='word_1_205' title='bbox 764 3101 782 3135; x_wconf 88' lang='lat'>,</span> <span class='ocrx_word' id='word_1_206' title='bbox 813 3072 885 3115; x_wconf 86' lang='lat' dir='ltr'><strong>ex</strong></span> <span class='ocrx_word' id='word_1_207' title='bbox 913 3050 1011 3124; x_wconf 85' lang='lat' dir='ltr'><strong>his</strong></span> <span class='ocrx_word' id='word_1_208' title='bbox 1042 3052 1303 3124; x_wconf 86' lang='lat' dir='ltr'><strong>formam</strong></span> <span class='ocrx_word' id='word_1_209' title='bbox 1332 3074 1586 3118; x_wconf 85' lang='lat' dir='ltr'><strong>suarum</strong></span> <span class='ocrx_word' id='word_1_210' title='bbox 1614 3051 1929 3122; x_wconf 80' lang='lat' dir='ltr'><strong>civitatum</strong></span> <span class='ocrx_word' id='word_1_211' title='bbox 1950 3051 2398 3116; x_wconf 86' lang='lat' dir='ltr'><strong>constituerunt</strong></span> <span class='ocrx_word' id='word_1_212' title='bbox 2418 3098 2436 3133; x_wconf 87' lang='lat'>‚</span> <span class='ocrx_word' id='word_1_213' title='bbox 2473 3058 2649 3112; x_wconf 87' lang='lat' dir='ltr'><strong>antea</strong></span> <span class='ocrx_word' id='word_1_214' title='bbox 2667 3096 2684 3129; x_wconf 93' lang='lat'>‚</span> 
     </span>
     <span class='ocr_line' id='line_1_25' title="bbox 662 3162 2683 3253; baseline -0.002 -22"><span class='ocrx_word' id='word_1_215' title='bbox 662 3178 736 3231; x_wconf 91' lang='lat' dir='ltr'><strong>ut</strong></span> <span class='ocrx_word' id='word_1_216' title='bbox 765 3189 873 3253; x_wconf 87' lang='lat' dir='ltr'><strong>par</strong></span> <span class='ocrx_word' id='word_1_217' title='bbox 909 3177 1080 3251; x_wconf 64' lang='lat' dir='ltr'><strong>erat„</strong></span> <span class='ocrx_word' id='word_1_218' title='bbox 1117 3167 1228 3233; x_wconf 84' lang='lat' dir='ltr'><strong>alii</strong></span> <span class='ocrx_word' id='word_1_219' title='bbox 1269 3166 1350 3238; x_wconf 87' lang='lat' dir='ltr'><strong>ab</strong></span> <span class='ocrx_word' id='word_1_220' title='bbox 1377 3167 1511 3232; x_wconf 86' lang='lat' dir='ltr'><strong>aliis</strong></span> <span class='ocrx_word' id='word_1_221' title='bbox 1540 3166 1836 3231; x_wconf 85' lang='lat' dir='ltr'><strong>institutis</strong></span> <span class='ocrx_word' id='word_1_222' title='bbox 1877 3163 2117 3231; x_wconf 85' lang='lat' dir='ltr'><strong>diversi.</strong></span> <span class='ocrx_word' id='word_1_223' title='bbox 2150 3166 2231 3229; x_wconf 83' lang='lat' dir='ltr'><strong>Ut</strong></span> <span class='ocrx_word' id='word_1_224' title='bbox 2267 3164 2415 3230; x_wconf 91' lang='lat' dir='ltr'><strong>olim</strong></span> <span class='ocrx_word' id='word_1_225' title='bbox 2445 3162 2638 3227; x_wconf 80' lang='lat' dir='ltr'><strong>Italiae</strong></span> <span class='ocrx_word' id='word_1_226' title='bbox 2664 3212 2683 3246; x_wconf 88' lang='lat'>‚</span> 
     </span>
     <span class='ocr_line' id='line_1_26' title="bbox 665 3251 2685 3365; baseline -0.002 -22"><span class='ocrx_word' id='word_1_227' title='bbox 665 3280 754 3343; x_wconf 88' lang='lat' dir='ltr'><strong>sic</strong></span> <span class='ocrx_word' id='word_1_228' title='bbox 784 3281 1239 3364; x_wconf 84' lang='lat' dir='ltr'><strong>provinciarum</strong></span> <span class='ocrx_word' id='word_1_229' title='bbox 1264 3281 1534 3345; x_wconf 81' lang='lat' dir='ltr'><strong>civitates</strong></span> <span class='ocrx_word' id='word_1_230' title='bbox 1559 3280 1954 3364; x_wconf 89' lang='lat' dir='ltr'><strong>municipum</strong></span> <span class='ocrx_word' id='word_1_231' title='bbox 1976 3328 1994 3365; x_wconf 87' lang='lat'>,</span> <span class='ocrx_word' id='word_1_232' title='bbox 2015 3251 2372 3346; x_wconf 77' lang='lat' dir='ltr'><strong>colonorum</strong></span> <span class='ocrx_word' id='word_1_233' title='bbox 2394 3288 2456 3341; x_wconf 83' lang='lat' dir='ltr'><strong>et</strong></span> <span class='ocrx_word' id='word_1_234' title='bbox 2486 3276 2685 3340; x_wconf 72' lang='lat' dir='ltr'><strong>socio-</strong></span> 
     </span>
     <span class='ocr_line' id='line_1_27' title="bbox 665 3386 2686 3476; baseline -0.003 -21"><span class='ocrx_word' id='word_1_235' title='bbox 665 3414 810 3457; x_wconf 87' lang='lat' dir='ltr'><strong>rum</strong></span> <span class='ocrx_word' id='word_1_236' title='bbox 846 3391 1204 3457; x_wconf 86' lang='lat' dir='ltr'><strong>nominibus</strong></span> <span class='ocrx_word' id='word_1_237' title='bbox 1224 3391 1523 3457; x_wconf 85' lang='lat' dir='ltr'><strong>distinctae</strong></span> <span class='ocrx_word' id='word_1_238' title='bbox 1555 3392 1957 3456; x_wconf 82' lang='lat' dir='ltr'><strong>inveniuntur</strong></span> <span class='ocrx_word' id='word_1_239' title='bbox 1980 3416 1998 3476; x_wconf 83' lang='lat'><em>3</em></span> <span class='ocrx_word' id='word_1_240' title='bbox 2024 3391 2229 3456; x_wconf 82' lang='lat' dir='ltr'><strong>coeteri</strong></span> <span class='ocrx_word' id='word_1_241' title='bbox 2249 3389 2465 3453; x_wconf 81' lang='lat' dir='ltr'><strong>incolae</strong></span> <span class='ocrx_word' id='word_1_242' title='bbox 2495 3386 2686 3450; x_wconf 82' lang='lat' dir='ltr'><strong>dedi-</strong></span> 
     </span>
     <span class='ocr_line' id='line_1_28' title="bbox 667 3499 2684 3592; baseline -0.003 -24"><span class='ocrx_word' id='word_1_243' title='bbox 667 3504 805 3570; x_wconf 76' lang='lat' dir='ltr'><strong>ticii</strong></span> <span class='ocrx_word' id='word_1_244' title='bbox 827 3553 846 3589; x_wconf 91' lang='lat'>‚</span> <span class='ocrx_word' id='word_1_245' title='bbox 887 3504 1000 3592; x_wconf 88' lang='lat' dir='ltr'><strong>qui</strong></span> <span class='ocrx_word' id='word_1_246' title='bbox 1022 3503 1090 3568; x_wconf 92' lang='lat' dir='ltr'><strong>in</strong></span> <span class='ocrx_word' id='word_1_247' title='bbox 1144 3503 1319 3570; x_wconf 80' lang='lat' dir='ltr'><strong>Italia</strong></span> <span class='ocrx_word' id='word_1_248' title='bbox 1359 3505 1518 3568; x_wconf 90' lang='lat' dir='ltr'><strong>nulli</strong></span> <span class='ocrx_word' id='word_1_249' title='bbox 1563 3504 1839 3570; x_wconf 73' lang='lat' dir='ltr'><strong>filerunt.</strong></span> <span class='ocrx_word' id='word_1_250' title='bbox 1877 3503 2250 3589; x_wconf 84' lang='lat' dir='ltr'><strong>Quanquam</strong></span> <span class='ocrx_word' id='word_1_251' title='bbox 2285 3500 2590 3564; x_wconf 88' lang='lat' dir='ltr'><strong>sociorum</strong></span> <span class='ocrx_word' id='word_1_252' title='bbox 2613 3499 2684 3563; x_wconf 84' lang='lat' dir='ltr'><strong>in</strong></span> 
     </span>
     <span class='ocr_line' id='line_1_29' title="bbox 666 3611 2683 3705; baseline -0.004 -23"><span class='ocrx_word' id='word_1_253' title='bbox 666 3618 1003 3705; x_wconf 76' lang='lat' dir='ltr'><strong>provinciis</strong></span> <span class='ocrx_word' id='word_1_254' title='bbox 1024 3618 1236 3692; x_wconf 88' lang='lat' dir='ltr'><strong>multis</strong></span> <span class='ocrx_word' id='word_1_255' title='bbox 1264 3617 1340 3682; x_wconf 92' lang='lat' dir='ltr'><strong>de</strong></span> <span class='ocrx_word' id='word_1_256' title='bbox 1361 3619 1560 3686; x_wconf 87' lang='lat' dir='ltr'><strong>causis</strong></span> <span class='ocrx_word' id='word_1_257' title='bbox 1577 3618 1696 3685; x_wconf 81' lang='lat' dir='ltr'><strong>alia</strong></span> <span class='ocrx_word' id='word_1_258' title='bbox 1717 3617 1903 3702; x_wconf 86' lang='lat' dir='ltr'><strong>ratio;</strong></span> <span class='ocrx_word' id='word_1_259' title='bbox 1933 3639 2006 3683; x_wconf 89' lang='lat' dir='ltr'><strong>ac</strong></span> <span class='ocrx_word' id='word_1_260' title='bbox 2029 3637 2186 3702; x_wconf 80' lang='lat' dir='ltr'><strong>saepe</strong></span> <span class='ocrx_word' id='word_1_261' title='bbox 2213 3612 2466 3678; x_wconf 90' lang='lat' dir='ltr'><strong>nomine</strong></span> <span class='ocrx_word' id='word_1_262' title='bbox 2484 3611 2683 3698; x_wconf 79' lang='lat' dir='ltr'><strong>magis</strong></span> 
     </span>
     <span class='ocr_line' id='line_1_30' title="bbox 665 3726 2685 3824; baseline -0.001 -28"><span class='ocrx_word' id='word_1_263' title='bbox 665 3754 854 3817; x_wconf 86' lang='lat' dir='ltr'><strong>quam</strong></span> <span class='ocrx_word' id='word_1_264' title='bbox 874 3735 1016 3818; x_wconf 80' lang='lat' dir='ltr'><strong>jure</strong></span> <span class='ocrx_word' id='word_1_265' title='bbox 1033 3757 1072 3800; x_wconf 87' lang='lat' dir='ltr'><strong>a</strong></span> <span class='ocrx_word' id='word_1_266' title='bbox 1092 3731 1394 3800; x_wconf 87' lang='lat' dir='ltr'><strong>dediticiis</strong></span> <span class='ocrx_word' id='word_1_267' title='bbox 1416 3732 1761 3801; x_wconf 79' lang='lat' dir='ltr'><strong>differentes</strong></span> <span class='ocrx_word' id='word_1_268' title='bbox 1777 3781 1796 3824; x_wconf 76' lang='lat'>,</span> <span class='ocrx_word' id='word_1_269' title='bbox 1815 3730 2182 3823; x_wconf 84' lang='lat' dir='ltr'><strong>quandoque</strong></span> <span class='ocrx_word' id='word_1_270' title='bbox 2203 3737 2265 3795; x_wconf 89' lang='lat' dir='ltr'><strong>et</strong></span> <span class='ocrx_word' id='word_1_271' title='bbox 2285 3726 2685 3814; x_wconf 71' lang='lat' dir='ltr'><strong>provinciales</strong></span> 
     </span>
     <span class='ocr_line' id='line_1_31' title="bbox 664 3847 2162 3938; baseline 0.011 -31"><span class='ocrx_word' id='word_1_272' title='bbox 664 3847 1012 3929; x_wconf 86' lang='lat' dir='ltr'><strong>promiscue</strong></span> <span class='ocrx_word' id='word_1_273' title='bbox 1033 3850 1181 3915; x_wconf 89' lang='lat' dir='ltr'><strong>socii</strong></span> <span class='ocrx_word' id='word_1_274' title='bbox 1206 3849 1614 3938; x_wconf 88' lang='lat' dir='ltr'><strong>adpellantur.</strong></span> <span class='ocrx_word' id='word_1_275' title='bbox 2151 3879 2162 3916; x_wconf 63' lang='grc' dir='ltr'><strong><em>ι</em></strong></span> 
     </span>
    </p>
   </div>
   <div class='ocr_carea' id='block_1_4' title="bbox 667 3973 2678 4179">
    <p class='ocr_par' dir='ltr' id='par_1_7' title="bbox 667 3973 2678 4179">
     <span class='ocr_line' id='line_1_32' title="bbox 733 3973 2678 4085; baseline 0.008 -31"><span class='ocrx_word' id='word_1_276' title='bbox 733 3973 886 4071; x_wconf 50' lang='lat' dir='ltr'><strong>aies.</strong></span> <span class='ocrx_word' id='word_1_277' title='bbox 905 3995 1073 4060; x_wconf 64' lang='lat' dir='ltr'><strong>uenus.</strong></span> <span class='ocrx_word' id='word_1_278' title='bbox 1096 4028 1144 4063; x_wconf 75' lang='lat' dir='ltr'><strong>v.</strong></span> <span class='ocrx_word' id='word_1_279' title='bbox 1162 4013 1215 4063; x_wconf 78' lang='lat'><strong>2.</strong></span> <span class='ocrx_word' id='word_1_280' title='bbox 1239 4029 1292 4079; x_wconf 79' lang='lat' dir='ltr'><strong>p.</strong></span> <span class='ocrx_word' id='word_1_281' title='bbox 1311 4013 1426 4064; x_wconf 79' lang='lat'>268.</span> <span class='ocrx_word' id='word_1_282' title='bbox 1453 4042 1512 4052; x_wconf 89' lang='lat'><em>-</em></span> <span class='ocrx_word' id='word_1_283' title='bbox 1536 4014 1590 4080; x_wconf 75' lang='lat'><strong>2)</strong></span> <span class='ocrx_word' id='word_1_284' title='bbox 1613 4015 1684 4064; x_wconf 70' lang='lat' dir='ltr'><strong>no</strong></span> <span class='ocrx_word' id='word_1_285' title='bbox 1707 4011 1842 4065; x_wconf 71' lang='lat' dir='ltr'><strong>Ant:</strong></span> <span class='ocrx_word' id='word_1_286' title='bbox 1861 4015 1993 4064; x_wconf 63' lang='grc' dir='ltr'><strong>,ιω</strong></span> <span class='ocrx_word' id='word_1_287' title='bbox 2020 4017 2143 4075; x_wconf 74' lang='lat' dir='ltr'><strong><em>Ital.</em></strong></span> <span class='ocrx_word' id='word_1_288' title='bbox 2165 4018 2188 4067; x_wconf 90' lang='lat'>1</span> <span class='ocrx_word' id='word_1_289' title='bbox 2217 4055 2232 4083; x_wconf 86' lang='lat'><strong>,</strong></span> <span class='ocrx_word' id='word_1_290' title='bbox 2252 4018 2303 4069; x_wconf 84' lang='lat' dir='ltr'><strong>s.</strong></span> <span class='ocrx_word' id='word_1_291' title='bbox 2322 4035 2433 4084; x_wconf 66' lang='lat' dir='ltr'><strong>sqq.</strong></span> <span class='ocrx_word' id='word_1_292' title='bbox 2455 4049 2514 4058; x_wconf 88' lang='lat'><em>-</em></span> <span class='ocrx_word' id='word_1_293' title='bbox 2532 4020 2584 4085; x_wconf 77' lang='lat' dir='ltr'><strong>s)</strong></span> <span class='ocrx_word' id='word_1_294' title='bbox 2602 4021 2678 4078; x_wconf 71' lang='lat' dir='ltr'><strong>ct.</strong></span> 
     </span>
     <span class='ocr_line' id='line_1_33' title="bbox 667 4094 2675 4179; baseline 0.004 -29"><span class='ocrx_word' id='word_1_295' title='bbox 667 4094 774 4150; x_wconf 74' lang='lat' dir='ltr'><strong>Liv.</strong></span> <span class='ocrx_word' id='word_1_296' title='bbox 797 4096 861 4148; x_wconf 79' lang='lat'><strong>27</strong></span> <span class='ocrx_word' id='word_1_297' title='bbox 879 4133 897 4163; x_wconf 90' lang='lat'>,</span> <span class='ocrx_word' id='word_1_298' title='bbox 914 4097 947 4150; x_wconf 84' lang='lat'>9</span> <span class='ocrx_word' id='word_1_299' title='bbox 961 4103 1017 4156; x_wconf 78' lang='lat' dir='ltr'><strong>et</strong></span> <span class='ocrx_word' id='word_1_300' title='bbox 1033 4099 1235 4170; x_wconf 73' lang='lat'><strong>10.-4)</strong></span> <span class='ocrx_word' id='word_1_301' title='bbox 1259 4104 1335 4156; x_wconf 79' lang='lat' dir='ltr'><strong>cs.</strong></span> <span class='ocrx_word' id='word_1_302' title='bbox 1358 4103 1524 4173; x_wconf 72' lang='lat' dir='ltr'><strong>Sigon.</strong></span> <span class='ocrx_word' id='word_1_303' title='bbox 1538 4105 1737 4160; x_wconf 69' lang='lat' dir='ltr'><strong>deant.</strong></span> <span class='ocrx_word' id='word_1_304' title='bbox 1756 4104 1810 4158; x_wconf 82' lang='grc'><strong>,1.</strong></span> <span class='ocrx_word' id='word_1_305' title='bbox 1829 4104 1901 4159; x_wconf 76' lang='lat' dir='ltr'><strong>It.</strong></span> <span class='ocrx_word' id='word_1_306' title='bbox 1924 4105 1958 4158; x_wconf 76' lang='lat'>2</span> <span class='ocrx_word' id='word_1_307' title='bbox 1971 4141 1989 4174; x_wconf 88' lang='lat'><em>‚</em></span> <span class='ocrx_word' id='word_1_308' title='bbox 2011 4106 2225 4179; x_wconf 52' lang='lat' dir='ltr'><strong>tog-5)</strong></span> <span class='ocrx_word' id='word_1_309' title='bbox 2246 4108 2479 4176; x_wconf 64' lang='lat' dir='ltr'><strong>cren-go</strong></span> <span class='ocrx_word' id='word_1_310' title='bbox 2496 4106 2542 4177; x_wconf 66' lang='grc' dir='ltr'><strong>ς.</strong></span> <span class='ocrx_word' id='word_1_311' title='bbox 2565 4108 2675 4162; x_wconf 73' lang='lat'><strong>164.</strong></span> 
     </span>
    </p>
   </div>
  </div>
 </body>
</html>
