<?xml version="1.0" encoding="UTF-8"?>
<!DOCTYPE html PUBLIC "-//W3C//DTD XHTML 1.0 Transitional//EN"
    "http://www.w3.org/TR/xhtml1/DTD/xhtml1-transitional.dtd">
<html xmlns="http://www.w3.org/1999/xhtml" xml:lang="en" lang="en">
 <head>
  <title>
</title>
<meta http-equiv="Content-Type" content="text/html;charset=utf-8" />
  <meta name='ocr-system' content='tesseract 3.04.00' />
  <meta name='ocr-capabilities' content='ocr_page ocr_carea ocr_par ocr_line ocrx_word'/>
</head>
<body>
  <div class='ocr_page' id='page_1' title='image "./antiquitatesrom00dirkgoog_0337.png"; bbox 0 0 3111 4829; ppageno 0'>
   <div class='ocr_carea' id='block_1_1' title="bbox 1538 409 1788 492">
    <p class='ocr_par' dir='ltr' id='par_1_1' title="bbox 1538 409 1788 492">
     <span class='ocr_line' id='line_1_1' title="bbox 1538 409 1788 492; baseline 0.004 -23"><span class='ocrx_word' id='word_1_1' title='bbox 1538 409 1788 492; x_wconf 85' lang='lat'>(298)</span> 
     </span>
    </p>
   </div>
   <div class='ocr_carea' id='block_1_2' title="bbox 549 535 2697 2100">
    <p class='ocr_par' dir='ltr' id='par_1_2' title="bbox 549 535 2697 2100">
     <span class='ocr_line' id='line_1_2' title="bbox 549 535 2691 630; baseline -0.002 -26"><span class='ocrx_word' id='word_1_2' title='bbox 549 601 552 604; x_wconf 87' lang='lat'>.</span> <span class='ocrx_word' id='word_1_3' title='bbox 655 541 910 630; x_wconf 85' lang='lat' dir='ltr'><strong>reperiri</strong></span> <span class='ocrx_word' id='word_1_4' title='bbox 935 537 1024 626; x_wconf 86' lang='lat'><strong>2),</strong></span> <span class='ocrx_word' id='word_1_5' title='bbox 1056 540 1145 604; x_wconf 86' lang='lat' dir='ltr'><strong>sic</strong></span> <span class='ocrx_word' id='word_1_6' title='bbox 1164 585 1183 622; x_wconf 87' lang='lat'>,</span> <span class='ocrx_word' id='word_1_7' title='bbox 1205 560 1567 625; x_wconf 83' lang='lat' dir='ltr'><strong>supremum</strong></span> <span class='ocrx_word' id='word_1_8' title='bbox 1605 537 1795 603; x_wconf 87' lang='lat' dir='ltr'><strong>deum</strong></span> <span class='ocrx_word' id='word_1_9' title='bbox 1824 537 1934 602; x_wconf 84' lang='lat' dir='ltr'><strong>illo</strong></span> <span class='ocrx_word' id='word_1_10' title='bbox 1963 537 2220 601; x_wconf 87' lang='lat' dir='ltr'><strong>nominc</strong></span> <span class='ocrx_word' id='word_1_11' title='bbox 2253 535 2332 604; x_wconf 82' lang='lat' dir='ltr'><strong>ab</strong></span> <span class='ocrx_word' id='word_1_12' title='bbox 2360 536 2550 600; x_wconf 84' lang='lat' dir='ltr'><strong>ltaliae</strong></span> <span class='ocrx_word' id='word_1_13' title='bbox 2576 558 2691 622; x_wconf 90' lang='lat' dir='ltr'><strong>po-</strong></span> 
     </span>
     <span class='ocr_line' id='line_1_3' title="bbox 657 649 2697 744; baseline -0.004 -23"><span class='ocrx_word' id='word_1_14' title='bbox 657 657 821 744; x_wconf 85' lang='lat' dir='ltr'>pulis</span> <span class='ocrx_word' id='word_1_15' title='bbox 861 655 1199 740; x_wconf 85' lang='lat' dir='ltr'><strong>antiquitus</strong></span> <span class='ocrx_word' id='word_1_16' title='bbox 1249 655 1492 717; x_wconf 85' lang='lat' dir='ltr'><strong>cultum</strong></span> <span class='ocrx_word' id='word_1_17' title='bbox 1539 674 1697 732; x_wconf 84' lang='lat' dir='ltr'><strong>esse,</strong></span> <span class='ocrx_word' id='word_1_18' title='bbox 1737 653 1931 717; x_wconf 79' lang='lat' dir='ltr'><strong>multa</strong></span> <span class='ocrx_word' id='word_1_19' title='bbox 1995 661 2138 714; x_wconf 87' lang='lat' dir='ltr'><strong>sunt</strong></span> <span class='ocrx_word' id='word_1_20' title='bbox 2180 649 2430 717; x_wconf 76' lang='lat' dir='ltr'><strong>iudicia.</strong></span> <span class='ocrx_word' id='word_1_21' title='bbox 2473 653 2697 716; x_wconf 88' lang='lat' dir='ltr'><strong>Preces</strong></span> 
     </span>
     <span class='ocr_line' id='line_1_4' title="bbox 657 762 2695 852; baseline -0.003 -17"><span class='ocrx_word' id='word_1_22' title='bbox 657 770 828 835; x_wconf 90' lang='lat' dir='ltr'><strong>enim</strong></span> <span class='ocrx_word' id='word_1_23' title='bbox 840 780 901 835; x_wconf 86' lang='lat' dir='ltr'><strong>et</strong></span> <span class='ocrx_word' id='word_1_24' title='bbox 920 767 1212 833; x_wconf 79' lang='lat' dir='ltr'><strong>sacrificia</strong></span> <span class='ocrx_word' id='word_1_25' title='bbox 1231 767 1311 832; x_wconf 84' lang='lat' dir='ltr'><strong>ab</strong></span> <span class='ocrx_word' id='word_1_26' title='bbox 1325 790 1398 832; x_wconf 90' lang='lat' dir='ltr'><strong>eo</strong></span> <span class='ocrx_word' id='word_1_27' title='bbox 1417 766 1893 851; x_wconf 85' lang='lat' dir='ltr'><strong>auspicabantur</strong></span> <span class='ocrx_word' id='word_1_28' title='bbox 1905 762 1996 852; x_wconf 87' lang='lat'><strong>3),</strong></span> <span class='ocrx_word' id='word_1_29' title='bbox 2015 775 2077 829; x_wconf 89' lang='lat' dir='ltr'><strong>et</strong></span> <span class='ocrx_word' id='word_1_30' title='bbox 2094 779 2329 850; x_wconf 85' lang='lat' dir='ltr'><strong>patrem</strong></span> <span class='ocrx_word' id='word_1_31' title='bbox 2345 765 2588 851; x_wconf 81' lang='lat' dir='ltr'>proprie</span> <span class='ocrx_word' id='word_1_32' title='bbox 2601 762 2695 852; x_wconf 82' lang='lat'><strong>4),</strong></span> 
     </span>
     <span class='ocr_line' id='line_1_5' title="bbox 656 877 2694 967; baseline -0.002 -19"><span class='ocrx_word' id='word_1_33' title='bbox 656 885 805 949; x_wconf 86' lang='lat' dir='ltr'><strong>etin</strong></span> <span class='ocrx_word' id='word_1_34' title='bbox 829 884 1132 947; x_wconf 88' lang='lat' dir='ltr'><strong>Saliorum</strong></span> <span class='ocrx_word' id='word_1_35' title='bbox 1151 881 1425 946; x_wconf 83' lang='lat' dir='ltr'><strong>versibus</strong></span> <span class='ocrx_word' id='word_1_36' title='bbox 1446 880 1634 945; x_wconf 88' lang='lat' dir='ltr'><strong>deum</strong></span> <span class='ocrx_word' id='word_1_37' title='bbox 1655 880 1914 946; x_wconf 87' lang='lat' dir='ltr'><strong>deorum</strong></span> <span class='ocrx_word' id='word_1_38' title='bbox 1935 879 2230 944; x_wconf 81' lang='lat' dir='ltr'><strong>vocabant</strong></span> <span class='ocrx_word' id='word_1_39' title='bbox 2248 877 2335 967; x_wconf 84' lang='lat'><strong>5).</strong></span> <span class='ocrx_word' id='word_1_40' title='bbox 2364 881 2661 944; x_wconf 63' lang='lat' dir='ltr'><strong>Praeterea</strong></span> <span class='ocrx_word' id='word_1_41' title='bbox 2675 926 2694 962; x_wconf 89' lang='lat'>‚</span> 
     </span>
     <span class='ocr_line' id='line_1_6' title="bbox 656 991 2696 1083; baseline -0.004 -20"><span class='ocrx_word' id='word_1_42' title='bbox 656 1019 866 1063; x_wconf 86' lang='lat' dir='ltr'><strong>rerum</strong></span> <span class='ocrx_word' id='word_1_43' title='bbox 907 994 1242 1083; x_wconf 86' lang='lat' dir='ltr'><strong>primordia</strong></span> <span class='ocrx_word' id='word_1_44' title='bbox 1278 994 1358 1060; x_wconf 90' lang='lat' dir='ltr'><strong>ab</strong></span> <span class='ocrx_word' id='word_1_45' title='bbox 1392 1017 1465 1059; x_wconf 92' lang='lat' dir='ltr'><strong>eo</strong></span> <span class='ocrx_word' id='word_1_46' title='bbox 1498 994 1829 1075; x_wconf 79' lang='lat' dir='ltr'><strong>ducentes,</strong></span> <span class='ocrx_word' id='word_1_47' title='bbox 1864 992 2046 1057; x_wconf 86' lang='lat' dir='ltr'><strong>cbaos</strong></span> <span class='ocrx_word' id='word_1_48' title='bbox 2080 1003 2143 1056; x_wconf 89' lang='lat' dir='ltr'><strong>et</strong></span> <span class='ocrx_word' id='word_1_49' title='bbox 2164 991 2389 1057; x_wconf 88' lang='lat' dir='ltr'><strong>mundi</strong></span> <span class='ocrx_word' id='word_1_50' title='bbox 2408 992 2696 1056; x_wconf 89' lang='lat' dir='ltr'><strong>condito-</strong></span> 
     </span>
     <span class='ocr_line' id='line_1_7' title="bbox 654 1104 2697 1195; baseline -0.003 -18"><span class='ocrx_word' id='word_1_51' title='bbox 654 1133 788 1177; x_wconf 89' lang='lat' dir='ltr'><strong>rem</strong></span> <span class='ocrx_word' id='word_1_52' title='bbox 809 1108 1224 1194; x_wconf 67' lang='lat' dir='ltr'><strong>praedicabant</strong></span> <span class='ocrx_word' id='word_1_53' title='bbox 1250 1105 1340 1195; x_wconf 87' lang='lat'><strong>6).</strong></span> <span class='ocrx_word' id='word_1_54' title='bbox 1368 1106 1544 1172; x_wconf 83' lang='lat' dir='ltr'>Idem</span> <span class='ocrx_word' id='word_1_55' title='bbox 1571 1104 1640 1194; x_wconf 91' lang='lat'><strong>7)</strong></span> <span class='ocrx_word' id='word_1_56' title='bbox 1672 1106 1879 1171; x_wconf 85' lang='lat' dir='ltr'><strong>dextra</strong></span> <span class='ocrx_word' id='word_1_57' title='bbox 1908 1115 2218 1191; x_wconf 75' lang='lat' dir='ltr'><strong>sceptrum</strong></span> <span class='ocrx_word' id='word_1_58' title='bbox 2244 1153 2262 1188; x_wconf 90' lang='lat'>,</span> <span class='ocrx_word' id='word_1_59' title='bbox 2292 1106 2531 1188; x_wconf 82' lang='lat' dir='ltr'><strong>sinistra</strong></span> <span class='ocrx_word' id='word_1_60' title='bbox 2561 1107 2697 1170; x_wconf 89' lang='lat' dir='ltr'><strong>cla-</strong></span> 
     </span>
     <span class='ocr_line' id='line_1_8' title="bbox 649 1217 2692 1309; baseline -0.003 -20"><span class='ocrx_word' id='word_1_61' title='bbox 649 1244 792 1289; x_wconf 76' lang='lat' dir='ltr'><strong>vem</strong></span> <span class='ocrx_word' id='word_1_62' title='bbox 859 1220 1150 1309; x_wconf 81' lang='lat' dir='ltr'><strong>gerebat,</strong></span> <span class='ocrx_word' id='word_1_63' title='bbox 1190 1218 1356 1285; x_wconf 82' lang='lat' dir='ltr'><strong>hanc</strong></span> <span class='ocrx_word' id='word_1_64' title='bbox 1412 1219 1564 1284; x_wconf 87' lang='lat' dir='ltr'><strong>anni</strong></span> <span class='ocrx_word' id='word_1_65' title='bbox 1608 1230 1670 1282; x_wconf 86' lang='lat' dir='ltr'><strong>et</strong></span> <span class='ocrx_word' id='word_1_66' title='bbox 1714 1219 1857 1283; x_wconf 87' lang='lat' dir='ltr'><strong>coeli</strong></span> <span class='ocrx_word' id='word_1_67' title='bbox 1893 1217 2238 1283; x_wconf 88' lang='lat' dir='ltr'><strong>moderator</strong></span> <span class='ocrx_word' id='word_1_68' title='bbox 2259 1266 2278 1301; x_wconf 87' lang='lat'><strong>,</strong></span> <span class='ocrx_word' id='word_1_69' title='bbox 2323 1218 2481 1282; x_wconf 89' lang='lat' dir='ltr'><strong>illud</strong></span> <span class='ocrx_word' id='word_1_70' title='bbox 2537 1219 2645 1282; x_wconf 83' lang='lat' dir='ltr'><strong>fati</strong></span> <span class='ocrx_word' id='word_1_71' title='bbox 2671 1268 2692 1302; x_wconf 86' lang='lat'>,</span> 
     </span>
     <span class='ocr_line' id='line_1_9' title="bbox 647 1333 2695 1425; baseline -0.001 -25"><span class='ocrx_word' id='word_1_72' title='bbox 647 1336 912 1425; x_wconf 85' lang='lat' dir='ltr'><strong>ideoque</strong></span> <span class='ocrx_word' id='word_1_73' title='bbox 931 1347 990 1401; x_wconf 91' lang='lat' dir='ltr'><strong>et</strong></span> <span class='ocrx_word' id='word_1_74' title='bbox 1006 1334 1151 1399; x_wconf 87' lang='lat' dir='ltr'><strong>belli</strong></span> <span class='ocrx_word' id='word_1_75' title='bbox 1177 1334 1466 1420; x_wconf 78' lang='lat' dir='ltr'><strong>pacisque</strong></span> <span class='ocrx_word' id='word_1_76' title='bbox 1489 1333 1719 1398; x_wconf 78' lang='lat' dir='ltr'><strong>arbiter</strong></span> <span class='ocrx_word' id='word_1_77' title='bbox 1744 1357 1761 1398; x_wconf 69' lang='grc' dir='ltr'><strong>ε</strong></span> <span class='ocrx_word' id='word_1_78' title='bbox 1788 1333 1959 1400; x_wconf 80' lang='lat' dir='ltr'><strong>unde</strong></span> <span class='ocrx_word' id='word_1_79' title='bbox 1986 1334 2206 1398; x_wconf 81' lang='lat' dir='ltr'><strong>Romae</strong></span> <span class='ocrx_word' id='word_1_80' title='bbox 2228 1335 2533 1419; x_wconf 84' lang='lat' dir='ltr'><strong>templum</strong></span> <span class='ocrx_word' id='word_1_81' title='bbox 2552 1334 2695 1417; x_wconf 87' lang='lat' dir='ltr'><strong>ejus</strong></span> 
     </span>
     <span class='ocr_line' id='line_1_10' title="bbox 647 1446 2692 1536; baseline -0 -21"><span class='ocrx_word' id='word_1_82' title='bbox 647 1449 811 1515; x_wconf 87' lang='lat' dir='ltr'><strong>bello</strong></span> <span class='ocrx_word' id='word_1_83' title='bbox 830 1460 1112 1536; x_wconf 84' lang='lat' dir='ltr'><strong>apertum</strong></span> <span class='ocrx_word' id='word_1_84' title='bbox 1135 1496 1151 1530; x_wconf 93' lang='lat'><strong>,</strong></span> <span class='ocrx_word' id='word_1_85' title='bbox 1174 1469 1325 1533; x_wconf 87' lang='lat' dir='ltr'><strong>pace</strong></span> <span class='ocrx_word' id='word_1_86' title='bbox 1349 1447 1631 1512; x_wconf 77' lang='lat' dir='ltr'><strong>clausum·</strong></span> <span class='ocrx_word' id='word_1_87' title='bbox 1660 1447 1966 1512; x_wconf 84' lang='lat' dir='ltr'><strong>manebat.</strong></span> <span class='ocrx_word' id='word_1_88' title='bbox 1996 1449 2124 1512; x_wconf 88' lang='lat' dir='ltr'><strong>Nec</strong></span> <span class='ocrx_word' id='word_1_89' title='bbox 2144 1446 2261 1511; x_wconf 81' lang='lat' dir='ltr'><strong>alia</strong></span> <span class='ocrx_word' id='word_1_90' title='bbox 2288 1448 2491 1532; x_wconf 89' lang='lat' dir='ltr'><strong>potius</strong></span> <span class='ocrx_word' id='word_1_91' title='bbox 2507 1465 2692 1514; x_wconf 64' lang='lat' dir='ltr'><strong>causa</strong></span> 
     </span>
     <span class='ocr_line' id='line_1_11' title="bbox 651 1557 2693 1650; baseline -0.001 -23"><span class='ocrx_word' id='word_1_92' title='bbox 651 1564 899 1650; x_wconf 87' lang='lat' dir='ltr'><strong>gemina</strong></span> <span class='ocrx_word' id='word_1_93' title='bbox 919 1563 1103 1644; x_wconf 77' lang='lat' dir='ltr'><strong>facie,</strong></span> <span class='ocrx_word' id='word_1_94' title='bbox 1134 1560 1301 1625; x_wconf 89' lang='lat' dir='ltr'><strong>unde</strong></span> <span class='ocrx_word' id='word_1_95' title='bbox 1323 1561 1515 1625; x_wconf 85' lang='lat' dir='ltr'><strong>Janus</strong></span> <span class='ocrx_word' id='word_1_96' title='bbox 1534 1560 1745 1646; x_wconf 82' lang='lat' dir='ltr'><strong>biceps</strong></span> <span class='ocrx_word' id='word_1_97' title='bbox 1761 1607 1779 1643; x_wconf 85' lang='lat'>,</span> <span class='ocrx_word' id='word_1_98' title='bbox 1797 1560 2033 1624; x_wconf 84' lang='lat' dir='ltr'><strong>bifrons</strong></span> <span class='ocrx_word' id='word_1_99' title='bbox 2054 1557 2145 1647; x_wconf 87' lang='grc'><strong>8),</strong></span> <span class='ocrx_word' id='word_1_100' title='bbox 2162 1559 2393 1624; x_wconf 81' lang='lat' dir='ltr'><strong>finxere</strong></span> <span class='ocrx_word' id='word_1_101' title='bbox 2407 1609 2425 1643; x_wconf 92' lang='lat'>‚</span> <span class='ocrx_word' id='word_1_102' title='bbox 2450 1561 2693 1646; x_wconf 84' lang='lat' dir='ltr'><strong>opinor,</strong></span> 
     </span>
     <span class='ocr_line' id='line_1_12' title="bbox 645 1671 2692 1764; baseline -0.001 -23"><span class='ocrx_word' id='word_1_103' title='bbox 645 1698 838 1764; x_wconf 87' lang='lat' dir='ltr'><strong>quam</strong></span> <span class='ocrx_word' id='word_1_104' title='bbox 879 1675 1184 1764; x_wconf 71' lang='lat' dir='ltr'><strong>praeterita</strong></span> <span class='ocrx_word' id='word_1_105' title='bbox 1224 1683 1286 1737; x_wconf 89' lang='lat' dir='ltr'><strong>et</strong></span> <span class='ocrx_word' id='word_1_106' title='bbox 1311 1673 1522 1764; x_wconf 81' lang='lat' dir='ltr'><strong>futura</strong></span> <span class='ocrx_word' id='word_1_107' title='bbox 1553 1673 1677 1736; x_wconf 80' lang='lat' dir='ltr'><strong>sive</strong></span> <span class='ocrx_word' id='word_1_108' title='bbox 1713 1682 1939 1737; x_wconf 86' lang='lat' dir='ltr'><strong>cuncta</strong></span> <span class='ocrx_word' id='word_1_109' title='bbox 1969 1671 2280 1737; x_wconf 76' lang='lat' dir='ltr'><strong>videntem</strong></span> <span class='ocrx_word' id='word_1_110' title='bbox 2324 1672 2692 1759; x_wconf 85' lang='lat' dir='ltr'><strong>significan-</strong></span> 
     </span>
     <span class='ocr_line' id='line_1_13' title="bbox 645 1777 2693 1876; baseline -0.001 -24"><span class='ocrx_word' id='word_1_111' title='bbox 645 1799 736 1854; x_wconf 83' lang='lat' dir='ltr'><strong>tes</strong></span> <span class='ocrx_word' id='word_1_112' title='bbox 757 1789 849 1876; x_wconf 89' lang='lat'><strong>9).</strong></span> <span class='ocrx_word' id='word_1_113' title='bbox 867 1790 1037 1852; x_wconf 87' lang='lat' dir='ltr'><strong>Inter</strong></span> <span class='ocrx_word' id='word_1_114' title='bbox 1054 1786 1196 1850; x_wconf 90' lang='lat' dir='ltr'><strong>Jani</strong></span> <span class='ocrx_word' id='word_1_115' title='bbox 1218 1784 1592 1870; x_wconf 83' lang='lat' dir='ltr'><strong>cognomina</strong></span> <span class='ocrx_word' id='word_1_116' title='bbox 1613 1777 1797 1848; x_wconf 80' lang='lat' dir='ltr'><strong>etiam</strong></span> <span class='ocrx_word' id='word_1_117' title='bbox 1821 1783 2157 1868; x_wconf 78' lang='lat' dir='ltr'><strong>Iunonius,</strong></span> <span class='ocrx_word' id='word_1_118' title='bbox 2185 1784 2521 1869; x_wconf 77' lang='lat' dir='ltr'><strong>Consivius,</strong></span> <span class='ocrx_word' id='word_1_119' title='bbox 2536 1785 2693 1866; x_wconf 88' lang='lat' dir='ltr'><strong>Qui-</strong></span> 
     </span>
     <span class='ocr_line' id='line_1_14' title="bbox 648 1895 2685 1987; baseline -0.001 -22"><span class='ocrx_word' id='word_1_120' title='bbox 648 1902 842 1983; x_wconf 79' lang='lat' dir='ltr'><strong>rinus,</strong></span> <span class='ocrx_word' id='word_1_121' title='bbox 858 1899 1169 1964; x_wconf 85' lang='lat' dir='ltr'><strong>Patulcius</strong></span> <span class='ocrx_word' id='word_1_122' title='bbox 1187 1945 1208 1980; x_wconf 84' lang='lat'>‚</span> <span class='ocrx_word' id='word_1_123' title='bbox 1239 1899 1486 1961; x_wconf 69' lang='lat' dir='ltr'><strong>Ciusius</strong></span> <span class='ocrx_word' id='word_1_124' title='bbox 1513 1921 1575 1961; x_wconf 68' lang='lat' dir='ltr'><strong>vs</strong></span> <span class='ocrx_word' id='word_1_125' title='bbox 1610 1897 1915 1961; x_wconf 80' lang='lat' dir='ltr'><strong>Glusivius</strong></span> <span class='ocrx_word' id='word_1_126' title='bbox 1935 1945 1954 1980; x_wconf 87' lang='lat'><strong>,</strong></span> <span class='ocrx_word' id='word_1_127' title='bbox 1983 1898 2102 1963; x_wconf 75' lang='lat' dir='ltr'><strong>alia</strong></span> <span class='ocrx_word' id='word_1_128' title='bbox 2140 1895 2270 1987; x_wconf 86' lang='lat'>10).</span> <span class='ocrx_word' id='word_1_129' title='bbox 2295 1900 2477 1963; x_wconf 83' lang='lat' dir='ltr'><strong>Sacra</strong></span> <span class='ocrx_word' id='word_1_130' title='bbox 2507 1899 2643 1982; x_wconf 87' lang='lat' dir='ltr'><strong>ejus</strong></span> <span class='ocrx_word' id='word_1_131' title='bbox 2666 1946 2685 1982; x_wconf 90' lang='lat'>,</span> 
     </span>
     <span class='ocr_line' id='line_1_15' title="bbox 648 2001 2682 2100; baseline 0 -22"><span class='ocrx_word' id='word_1_132' title='bbox 648 2026 719 2078; x_wconf 87' lang='lat' dir='ltr'><strong>ut</strong></span> <span class='ocrx_word' id='word_1_133' title='bbox 767 2017 1001 2097; x_wconf 83' lang='lat' dir='ltr'><strong>Vestae,</strong></span> <span class='ocrx_word' id='word_1_134' title='bbox 1035 2013 1166 2076; x_wconf 88' lang='lat' dir='ltr'><strong>sine</strong></span> <span class='ocrx_word' id='word_1_135' title='bbox 1189 2013 1529 2098; x_wconf 74' lang='lat' dir='ltr'><strong>sanguine3</strong></span> <span class='ocrx_word' id='word_1_136' title='bbox 1560 2012 1701 2074; x_wconf 76' lang='lat' dir='ltr'><strong>libis</strong></span> <span class='ocrx_word' id='word_1_137' title='bbox 1725 2059 1742 2093; x_wconf 91' lang='lat'>,</span> <span class='ocrx_word' id='word_1_138' title='bbox 1771 2013 1933 2076; x_wconf 85' lang='lat' dir='ltr'><strong>farre</strong></span> <span class='ocrx_word' id='word_1_139' title='bbox 1961 2024 2022 2077; x_wconf 80' lang='lat' dir='ltr'><strong>et</strong></span> <span class='ocrx_word' id='word_1_140' title='bbox 2052 2001 2173 2077; x_wconf 81' lang='lat' dir='ltr'><strong>sale</strong></span> <span class='ocrx_word' id='word_1_141' title='bbox 2200 2013 2515 2099; x_wconf 78' lang='lat' dir='ltr'><strong>placabant</strong></span> <span class='ocrx_word' id='word_1_142' title='bbox 2547 2008 2682 2100; x_wconf 89' lang='lat'>11).</span> 
     </span>
    </p>
   </div>
   <div class='ocr_carea' id='block_1_3' title="bbox 645 2125 2685 2460">
    <p class='ocr_par' dir='ltr' id='par_1_3' title="bbox 645 2125 2685 2460">
     <span class='ocr_line' id='line_1_16' title="bbox 716 2125 2685 2198; baseline 0.001 -22"><span class='ocrx_word' id='word_1_143' title='bbox 716 2127 765 2189; x_wconf 87' lang='lat'><strong>1)</strong></span> <span class='ocrx_word' id='word_1_144' title='bbox 792 2127 868 2174; x_wconf 75' lang='lat' dir='ltr'><strong>Ab</strong></span> <span class='ocrx_word' id='word_1_145' title='bbox 892 2128 1060 2176; x_wconf 81' lang='lat' dir='ltr'><strong>eundo</strong></span> <span class='ocrx_word' id='word_1_146' title='bbox 1078 2142 1161 2190; x_wconf 78' lang='lat' dir='ltr'><strong>ap.</strong></span> <span class='ocrx_word' id='word_1_147' title='bbox 1189 2125 1297 2174; x_wconf 91' lang='lat' dir='ltr'><strong>Cic.</strong></span> <span class='ocrx_word' id='word_1_148' title='bbox 1321 2125 1394 2175; x_wconf 91' lang='lat' dir='ltr'><strong>N.</strong></span> <span class='ocrx_word' id='word_1_149' title='bbox 1415 2126 1492 2175; x_wconf 89' lang='lat' dir='ltr'><strong>D.</strong></span> <span class='ocrx_word' id='word_1_150' title='bbox 1513 2126 1565 2188; x_wconf 74' lang='lat'><strong>2,</strong></span> <span class='ocrx_word' id='word_1_151' title='bbox 1588 2125 1826 2198; x_wconf 65' lang='lat'>27.—-2)</span> <span class='ocrx_word' id='word_1_152' title='bbox 1850 2127 1927 2175; x_wconf 80' lang='lat' dir='ltr'><strong>Cf.</strong></span> <span class='ocrx_word' id='word_1_153' title='bbox 1952 2126 2096 2175; x_wconf 77' lang='lat' dir='ltr'><strong>Ovid.</strong></span> <span class='ocrx_word' id='word_1_154' title='bbox 2120 2128 2267 2178; x_wconf 71' lang='lat' dir='ltr'><strong>Fost-</strong></span> <span class='ocrx_word' id='word_1_155' title='bbox 2287 2128 2336 2189; x_wconf 86' lang='lat'><strong>1,</strong></span> <span class='ocrx_word' id='word_1_156' title='bbox 2355 2126 2583 2191; x_wconf 73' lang='lat' dir='ltr'><strong>oo.-5)</strong></span> <span class='ocrx_word' id='word_1_157' title='bbox 2604 2126 2685 2177; x_wconf 75' lang='lat' dir='ltr'><strong>Cf.</strong></span> 
     </span>
     <span class='ocr_line' id='line_1_17' title="bbox 645 2215 2685 2281; baseline 0 -18"><span class='ocrx_word' id='word_1_158' title='bbox 645 2217 788 2266; x_wconf 79' lang='lat' dir='ltr'><strong>Ovid.</strong></span> <span class='ocrx_word' id='word_1_159' title='bbox 812 2235 862 2266; x_wconf 78' lang='lat' dir='ltr'><strong>v.</strong></span> <span class='ocrx_word' id='word_1_160' title='bbox 886 2217 997 2267; x_wconf 75' lang='lat'><strong>172.</strong></span> <span class='ocrx_word' id='word_1_161' title='bbox 1027 2245 1085 2253; x_wconf 93' lang='lat'>—</span> <span class='ocrx_word' id='word_1_162' title='bbox 1109 2215 1161 2281; x_wconf 74' lang='lat'><strong>4)</strong></span> <span class='ocrx_word' id='word_1_163' title='bbox 1189 2216 1266 2263; x_wconf 80' lang='lat' dir='ltr'><strong>Cf.</strong></span> <span class='ocrx_word' id='word_1_164' title='bbox 1287 2217 1408 2263; x_wconf 75' lang='lat' dir='ltr'><strong>Hor.</strong></span> <span class='ocrx_word' id='word_1_165' title='bbox 1432 2215 1546 2280; x_wconf 80' lang='lat' dir='ltr'><strong>Ep.</strong></span> <span class='ocrx_word' id='word_1_166' title='bbox 1567 2216 1589 2264; x_wconf 88' lang='lat'>1</span> <span class='ocrx_word' id='word_1_167' title='bbox 1612 2252 1629 2276; x_wconf 85' lang='lat'><strong>‚</strong></span> <span class='ocrx_word' id='word_1_168' title='bbox 1650 2215 1742 2276; x_wconf 83' lang='grc'>16,</span> <span class='ocrx_word' id='word_1_169' title='bbox 1764 2215 1847 2263; x_wconf 82' lang='grc'>59.</span> <span class='ocrx_word' id='word_1_170' title='bbox 1875 2242 1937 2251; x_wconf 92' lang='grc'><strong>--</strong></span> <span class='ocrx_word' id='word_1_171' title='bbox 1961 2215 2013 2278; x_wconf 78' lang='lat'><strong>5)</strong></span> <span class='ocrx_word' id='word_1_172' title='bbox 2049 2215 2124 2263; x_wconf 76' lang='lat' dir='ltr'><strong>Cf.</strong></span> <span class='ocrx_word' id='word_1_173' title='bbox 2147 2216 2367 2264; x_wconf 73' lang='lat' dir='ltr'><strong>Macrob-</strong></span> <span class='ocrx_word' id='word_1_174' title='bbox 2386 2216 2601 2266; x_wconf 67' lang='lat' dir='ltr'><strong>Saturn.</strong></span> <span class='ocrx_word' id='word_1_175' title='bbox 2624 2215 2643 2264; x_wconf 86' lang='grc'>1</span> <span class='ocrx_word' id='word_1_176' title='bbox 2666 2252 2685 2278; x_wconf 89' lang='grc'>,</span> 
     </span>
     <span class='ocr_line' id='line_1_18' title="bbox 645 2279 2685 2370; baseline 0 -16"><span class='ocrx_word' id='word_1_177' title='bbox 645 2306 698 2356; x_wconf 77' lang='lat' dir='ltr'><strong>o.</strong></span> <span class='ocrx_word' id='word_1_178' title='bbox 725 2336 786 2344; x_wconf 89' lang='grc'>-</span> <span class='ocrx_word' id='word_1_179' title='bbox 806 2305 858 2368; x_wconf 75' lang='lat' dir='ltr'><strong>o)</strong></span> <span class='ocrx_word' id='word_1_180' title='bbox 884 2305 1025 2354; x_wconf 67' lang='lat' dir='ltr'><strong>ovid.</strong></span> <span class='ocrx_word' id='word_1_181' title='bbox 1050 2322 1099 2353; x_wconf 76' lang='lat' dir='ltr'><strong>v.</strong></span> <span class='ocrx_word' id='word_1_182' title='bbox 1123 2279 1235 2354; x_wconf 57' lang='grc' dir='ltr'>ποῦ’.</span> <span class='ocrx_word' id='word_1_183' title='bbox 1262 2333 1323 2341; x_wconf 82' lang='lat'><em>-</em></span> <span class='ocrx_word' id='word_1_184' title='bbox 1356 2304 1409 2369; x_wconf 86' lang='lat'><strong>7)</strong></span> <span class='ocrx_word' id='word_1_185' title='bbox 1438 2304 1516 2352; x_wconf 64' lang='grc' dir='ltr'>ιι).</span> <span class='ocrx_word' id='word_1_186' title='bbox 1542 2297 1626 2352; x_wconf 71' lang='grc'><strong>99.</strong></span> <span class='ocrx_word' id='word_1_187' title='bbox 1647 2330 1712 2342; x_wconf 85' lang='grc'><strong>-</strong></span> <span class='ocrx_word' id='word_1_188' title='bbox 1734 2303 1786 2369; x_wconf 76' lang='grc' dir='ltr'><strong>ε)</strong></span> <span class='ocrx_word' id='word_1_189' title='bbox 1812 2304 1887 2351; x_wconf 76' lang='lat' dir='ltr'><strong>cf.</strong></span> <span class='ocrx_word' id='word_1_190' title='bbox 1908 2303 2048 2367; x_wconf 69' lang='lat' dir='ltr'><strong>virg.</strong></span> <span class='ocrx_word' id='word_1_191' title='bbox 2073 2306 2195 2353; x_wconf 72' lang='lat' dir='ltr'><strong>AEn.</strong></span> <span class='ocrx_word' id='word_1_192' title='bbox 2219 2305 2252 2352; x_wconf 89' lang='lat'>7</span> <span class='ocrx_word' id='word_1_193' title='bbox 2270 2342 2286 2365; x_wconf 85' lang='lat'>‚</span> <span class='ocrx_word' id='word_1_194' title='bbox 2314 2301 2427 2354; x_wconf 68' lang='grc' dir='ltr'>τεο.</span> <span class='ocrx_word' id='word_1_195' title='bbox 2445 2331 2503 2348; x_wconf 85' lang='grc'>-.</span> <span class='ocrx_word' id='word_1_196' title='bbox 2528 2305 2581 2370; x_wconf 79' lang='lat'><strong>9)</strong></span> <span class='ocrx_word' id='word_1_197' title='bbox 2606 2304 2685 2354; x_wconf 73' lang='lat' dir='ltr'><strong>cr.</strong></span> 
     </span>
     <span class='ocr_line' id='line_1_19' title="bbox 646 2391 2321 2460; baseline -0.001 -17"><span class='ocrx_word' id='word_1_198' title='bbox 646 2395 789 2445; x_wconf 83' lang='lat' dir='ltr'><strong>Ovid.</strong></span> <span class='ocrx_word' id='word_1_199' title='bbox 809 2411 858 2445; x_wconf 78' lang='lat' dir='ltr'><strong>v.</strong></span> <span class='ocrx_word' id='word_1_200' title='bbox 879 2395 992 2445; x_wconf 77' lang='grc'>114.</span> <span class='ocrx_word' id='word_1_201' title='bbox 1014 2423 1080 2433; x_wconf 93' lang='grc'><strong>-</strong></span> <span class='ocrx_word' id='word_1_202' title='bbox 1106 2394 1189 2460; x_wconf 87' lang='grc'><strong>10)</strong></span> <span class='ocrx_word' id='word_1_203' title='bbox 1214 2393 1280 2443; x_wconf 81' lang='lat' dir='ltr'><strong>V.</strong></span> <span class='ocrx_word' id='word_1_204' title='bbox 1300 2392 1443 2441; x_wconf 75' lang='lat' dir='ltr'><strong>ovid.</strong></span> <span class='ocrx_word' id='word_1_205' title='bbox 1461 2399 1513 2441; x_wconf 82' lang='lat' dir='ltr'><strong>et</strong></span> <span class='ocrx_word' id='word_1_206' title='bbox 1529 2391 1749 2442; x_wconf 69' lang='lat' dir='ltr'><strong>Mucrob.</strong></span> <span class='ocrx_word' id='word_1_207' title='bbox 1775 2421 1835 2430; x_wconf 89' lang='lat'><strong>—-</strong></span> <span class='ocrx_word' id='word_1_208' title='bbox 1861 2391 1945 2457; x_wconf 86' lang='grc'><strong>11)</strong></span> <span class='ocrx_word' id='word_1_209' title='bbox 1965 2391 2107 2443; x_wconf 76' lang='lat' dir='ltr'><strong>Ovid.</strong></span> <span class='ocrx_word' id='word_1_210' title='bbox 2132 2409 2180 2442; x_wconf 78' lang='lat' dir='ltr'><strong>v.</strong></span> <span class='ocrx_word' id='word_1_211' title='bbox 2207 2393 2321 2443; x_wconf 70' lang='lat'><strong>128.</strong></span> 
     </span>
    </p>
   </div>
   <div class='ocr_carea' id='block_1_4' title="bbox 640 2485 2687 4161">
    <p class='ocr_par' dir='ltr' id='par_1_4' title="bbox 640 2485 2687 4161">
     <span class='ocr_line' id='line_1_20' title="bbox 738 2485 2684 2573; baseline 0.001 -22"><span class='ocrx_word' id='word_1_212' title='bbox 738 2491 889 2553; x_wconf 88' lang='grc'>288.</span> <span class='ocrx_word' id='word_1_213' title='bbox 940 2486 1124 2567; x_wconf 88' lang='lat' dir='ltr'><strong>Quod</strong></span> <span class='ocrx_word' id='word_1_214' title='bbox 1148 2485 1226 2549; x_wconf 90' lang='lat' dir='ltr'><strong>de</strong></span> <span class='ocrx_word' id='word_1_215' title='bbox 1255 2487 1610 2549; x_wconf 80' lang='lat' dir='ltr'><strong>memoratis</strong></span> <span class='ocrx_word' id='word_1_216' title='bbox 1647 2489 2072 2551; x_wconf 82' lang='lat' dir='ltr'><strong>Romanorum</strong></span> <span class='ocrx_word' id='word_1_217' title='bbox 2114 2486 2231 2550; x_wconf 81' lang='lat' dir='ltr'><strong>diis</strong></span> <span class='ocrx_word' id='word_1_218' title='bbox 2280 2489 2641 2552; x_wconf 86' lang='lat' dir='ltr'><strong>monuimus</strong></span> <span class='ocrx_word' id='word_1_219' title='bbox 2663 2534 2684 2573; x_wconf 86' lang='lat'>,</span> 
     </span>
     <span class='ocr_line' id='line_1_21' title="bbox 646 2598 2687 2685; baseline 0 -21"><span class='ocrx_word' id='word_1_220' title='bbox 646 2623 775 2664; x_wconf 90' lang='lat' dir='ltr'><strong>non</strong></span> <span class='ocrx_word' id='word_1_221' title='bbox 821 2600 1053 2664; x_wconf 78' lang='lat' dir='ltr'><strong>Graecoe</strong></span> <span class='ocrx_word' id='word_1_222' title='bbox 1102 2598 1361 2684; x_wconf 85' lang='lat' dir='ltr'><strong>originis</strong></span> <span class='ocrx_word' id='word_1_223' title='bbox 1409 2598 1515 2662; x_wconf 86' lang='lat' dir='ltr'><strong>sed</strong></span> <span class='ocrx_word' id='word_1_224' title='bbox 1564 2599 1889 2685; x_wconf 79' lang='lat' dir='ltr'><strong>indigenas</strong></span> <span class='ocrx_word' id='word_1_225' title='bbox 1938 2598 2131 2663; x_wconf 76' lang='lat' dir='ltr'><strong>videri</strong></span> <span class='ocrx_word' id='word_1_226' title='bbox 2149 2648 2165 2681; x_wconf 89' lang='lat'>,</span> <span class='ocrx_word' id='word_1_227' title='bbox 2207 2600 2373 2663; x_wconf 84' lang='lat' dir='ltr'><strong>idem</strong></span> <span class='ocrx_word' id='word_1_228' title='bbox 2429 2601 2509 2665; x_wconf 84' lang='lat' dir='ltr'><strong>de</strong></span> <span class='ocrx_word' id='word_1_229' title='bbox 2549 2602 2687 2665; x_wconf 81' lang='lat' dir='ltr'><strong>aliis</strong></span> 
     </span>
     <span class='ocr_line' id='line_1_22' title="bbox 646 2711 2686 2799; baseline 0 -22"><span class='ocrx_word' id='word_1_230' title='bbox 646 2714 859 2777; x_wconf 80' lang='lat' dir='ltr'><strong>multis</strong></span> <span class='ocrx_word' id='word_1_231' title='bbox 889 2711 1337 2796; x_wconf 76' lang='lat' dir='ltr'><strong>judicandum,</strong></span> <span class='ocrx_word' id='word_1_232' title='bbox 1380 2712 1450 2775; x_wconf 76' lang='lat' dir='ltr'><strong>in</strong></span> <span class='ocrx_word' id='word_1_233' title='bbox 1478 2713 1707 2799; x_wconf 76' lang='lat' dir='ltr'><strong>quibus</strong></span> <span class='ocrx_word' id='word_1_234' title='bbox 1730 2762 1746 2794; x_wconf 83' lang='lat'>,</span> <span class='ocrx_word' id='word_1_235' title='bbox 1781 2723 2000 2798; x_wconf 81' lang='lat' dir='ltr'><strong>praeter</strong></span> <span class='ocrx_word' id='word_1_236' title='bbox 2035 2712 2237 2776; x_wconf 81' lang='lat' dir='ltr'><strong>infimi</strong></span> <span class='ocrx_word' id='word_1_237' title='bbox 2284 2713 2515 2777; x_wconf 82' lang='lat' dir='ltr'><strong>ordinis</strong></span> <span class='ocrx_word' id='word_1_238' title='bbox 2553 2737 2686 2778; x_wconf 90' lang='lat' dir='ltr'><strong>nu-</strong></span> 
     </span>
     <span class='ocr_line' id='line_1_23' title="bbox 645 2825 2682 2918; baseline 0.001 -28"><span class='ocrx_word' id='word_1_239' title='bbox 645 2827 817 2892; x_wconf 89' lang='lat' dir='ltr'><strong>mina</strong></span> <span class='ocrx_word' id='word_1_240' title='bbox 843 2827 905 2911; x_wconf 79' lang='lat'><strong>§.</strong></span> <span class='ocrx_word' id='word_1_241' title='bbox 946 2828 1099 2891; x_wconf 82' lang='lat'><strong>312.</strong></span> <span class='ocrx_word' id='word_1_242' title='bbox 1135 2837 1197 2889; x_wconf 87' lang='lat' dir='ltr'><strong>et</strong></span> <span class='ocrx_word' id='word_1_243' title='bbox 1227 2830 1381 2890; x_wconf 84' lang='grc'>313.</span> <span class='ocrx_word' id='word_1_244' title='bbox 1433 2840 1767 2891; x_wconf 84' lang='lat' dir='ltr'><strong>memorata</strong></span> <span class='ocrx_word' id='word_1_245' title='bbox 1788 2876 1805 2911; x_wconf 91' lang='lat'>,</span> <span class='ocrx_word' id='word_1_246' title='bbox 1847 2828 2585 2918; x_wconf 77' lang='lat' dir='ltr'><strong>Carna(Crane,ca1-dea</strong></span> <span class='ocrx_word' id='word_1_247' title='bbox 2618 2825 2682 2915; x_wconf 90' lang='lat'><strong>)‚</strong></span> 
     </span>
     <span class='ocr_line' id='line_1_24' title="bbox 642 2935 2684 3028; baseline 0 -24"><span class='ocrx_word' id='word_1_248' title='bbox 642 2939 968 3005; x_wconf 87' lang='lat' dir='ltr'><strong>cardinum</strong></span> <span class='ocrx_word' id='word_1_249' title='bbox 1015 2938 1128 3003; x_wconf 80' lang='lat' dir='ltr'><strong>dea</strong></span> <span class='ocrx_word' id='word_1_250' title='bbox 1177 2935 1279 3027; x_wconf 82' lang='lat'><strong>1);</strong></span> <span class='ocrx_word' id='word_1_251' title='bbox 1306 2940 1566 3003; x_wconf 77' lang='lat' dir='ltr'><strong>Iuturna</strong></span> <span class='ocrx_word' id='word_1_252' title='bbox 1590 2938 1694 3028; x_wconf 87' lang='lat'><strong>2),</strong></span> <span class='ocrx_word' id='word_1_253' title='bbox 1736 2936 1891 3003; x_wconf 75' lang='lat' dir='ltr'><strong>fonti</strong></span> <span class='ocrx_word' id='word_1_254' title='bbox 1931 2942 2209 3005; x_wconf 71' lang='lat' dir='ltr'><strong>Iuturnae</strong></span> <span class='ocrx_word' id='word_1_255' title='bbox 2255 2942 2643 3028; x_wconf 79' lang='lat' dir='ltr'><strong>cognominis</strong></span> <span class='ocrx_word' id='word_1_256' title='bbox 2662 2990 2684 3024; x_wconf 84' lang='lat'><strong>,</strong></span> 
     </span>
     <span class='ocr_line' id='line_1_25' title="bbox 642 3054 2681 3143; baseline 0.002 -27"><span class='ocrx_word' id='word_1_257' title='bbox 642 3055 906 3117; x_wconf 86' lang='lat' dir='ltr'><strong>fontium</strong></span> <span class='ocrx_word' id='word_1_258' title='bbox 954 3064 1014 3116; x_wconf 90' lang='lat' dir='ltr'><strong>et</strong></span> <span class='ocrx_word' id='word_1_259' title='bbox 1067 3054 1353 3118; x_wconf 89' lang='lat' dir='ltr'><strong>amnium</strong></span> <span class='ocrx_word' id='word_1_260' title='bbox 1409 3074 1647 3118; x_wconf 81' lang='lat' dir='ltr'><strong>numen</strong></span> <span class='ocrx_word' id='word_1_261' title='bbox 1668 3103 1685 3137; x_wconf 88' lang='lat'>‚</span> <span class='ocrx_word' id='word_1_262' title='bbox 1740 3054 1922 3138; x_wconf 86' lang='lat' dir='ltr'><strong>cujus</strong></span> <span class='ocrx_word' id='word_1_263' title='bbox 1970 3056 2273 3141; x_wconf 80' lang='lat' dir='ltr'><strong>templum</strong></span> <span class='ocrx_word' id='word_1_264' title='bbox 2322 3057 2388 3119; x_wconf 89' lang='lat' dir='ltr'><strong>in</strong></span> <span class='ocrx_word' id='word_1_265' title='bbox 2445 3057 2681 3143; x_wconf 85' lang='lat' dir='ltr'><strong>Campo</strong></span> 
     </span>
     <span class='ocr_line' id='line_1_26' title="bbox 643 3168 2683 3257; baseline 0.001 -25"><span class='ocrx_word' id='word_1_266' title='bbox 643 3170 858 3232; x_wconf 83' lang='lat' dir='ltr'><strong>Martio</strong></span> <span class='ocrx_word' id='word_1_267' title='bbox 883 3216 901 3251; x_wconf 87' lang='lat'>,</span> <span class='ocrx_word' id='word_1_268' title='bbox 938 3168 1165 3231; x_wconf 81' lang='lat' dir='ltr'><strong>festum</strong></span> <span class='ocrx_word' id='word_1_269' title='bbox 1188 3168 1571 3250; x_wconf 81' lang='lat' dir='ltr'><strong>Juturnalia3</strong></span> <span class='ocrx_word' id='word_1_270' title='bbox 1604 3170 1863 3233; x_wconf 83' lang='lat' dir='ltr'><strong>Feronia</strong></span> <span class='ocrx_word' id='word_1_271' title='bbox 1885 3218 1902 3251; x_wconf 91' lang='lat'>,</span> <span class='ocrx_word' id='word_1_272' title='bbox 1928 3190 1997 3233; x_wconf 84' lang='lat' dir='ltr'><strong>ex</strong></span> <span class='ocrx_word' id='word_1_273' title='bbox 2020 3171 2459 3257; x_wconf 80' lang='lat' dir='ltr'><strong>antiquissimis</strong></span> <span class='ocrx_word' id='word_1_274' title='bbox 2488 3173 2683 3234; x_wconf 70' lang='lat' dir='ltr'><strong>Italo-</strong></span> 
     </span>
     <span class='ocr_line' id='line_1_27' title="bbox 643 3280 2681 3368; baseline 0.001 -22"><span class='ocrx_word' id='word_1_275' title='bbox 643 3304 783 3346; x_wconf 90' lang='lat' dir='ltr'><strong>rum</strong></span> <span class='ocrx_word' id='word_1_276' title='bbox 829 3280 1196 3345; x_wconf 85' lang='lat' dir='ltr'><strong>numinibus</strong></span> <span class='ocrx_word' id='word_1_277' title='bbox 1219 3328 1236 3361; x_wconf 85' lang='lat'>,</span> <span class='ocrx_word' id='word_1_278' title='bbox 1286 3282 1446 3345; x_wconf 81' lang='lat' dir='ltr'><strong>Uxor</strong></span> <span class='ocrx_word' id='word_1_279' title='bbox 1469 3281 1772 3364; x_wconf 80' lang='lat' dir='ltr'><strong>Anxuris,</strong></span> <span class='ocrx_word' id='word_1_280' title='bbox 1802 3284 2029 3345; x_wconf 86' lang='lat' dir='ltr'><strong>summi</strong></span> <span class='ocrx_word' id='word_1_281' title='bbox 2055 3285 2413 3351; x_wconf 73' lang='lat' dir='ltr'><strong>Volscorum</strong></span> <span class='ocrx_word' id='word_1_282' title='bbox 2438 3284 2539 3347; x_wconf 71' lang='lat' dir='ltr'><strong>dei</strong></span> <span class='ocrx_word' id='word_1_283' title='bbox 2557 3334 2574 3368; x_wconf 83' lang='lat'>‚</span> <span class='ocrx_word' id='word_1_284' title='bbox 2607 3296 2681 3348; x_wconf 82' lang='lat' dir='ltr'><strong>nt</strong></span> 
     </span>
     <span class='ocr_line' id='line_1_28' title="bbox 640 3394 2681 3483; baseline 0.001 -25"><span class='ocrx_word' id='word_1_285' title='bbox 640 3394 745 3458; x_wconf 83' lang='lat' dir='ltr'><strong>hic</strong></span> <span class='ocrx_word' id='word_1_286' title='bbox 771 3415 918 3458; x_wconf 89' lang='lat' dir='ltr'><strong>cum</strong></span> <span class='ocrx_word' id='word_1_287' title='bbox 940 3395 1086 3457; x_wconf 79' lang='lat' dir='ltr'><strong>Jove</strong></span> <span class='ocrx_word' id='word_1_288' title='bbox 1102 3440 1121 3476; x_wconf 84' lang='lat'>‚</span> <span class='ocrx_word' id='word_1_289' title='bbox 1144 3394 1230 3458; x_wconf 90' lang='lat' dir='ltr'><strong>sic</strong></span> <span class='ocrx_word' id='word_1_290' title='bbox 1251 3394 1380 3480; x_wconf 86' lang='lat' dir='ltr'><strong>ipsa</strong></span> <span class='ocrx_word' id='word_1_291' title='bbox 1402 3416 1550 3458; x_wconf 90' lang='lat' dir='ltr'><strong>cum</strong></span> <span class='ocrx_word' id='word_1_292' title='bbox 1576 3397 1611 3459; x_wconf 83' lang='lat' dir='ltr'><strong>J</strong></span> <span class='ocrx_word' id='word_1_293' title='bbox 1617 3416 1826 3459; x_wconf 88' lang='lat' dir='ltr'><strong>unone</strong></span> <span class='ocrx_word' id='word_1_294' title='bbox 1852 3396 2126 3460; x_wconf 82' lang='lat' dir='ltr'><strong>confusa.</strong></span> <span class='ocrx_word' id='word_1_295' title='bbox 2159 3396 2387 3461; x_wconf 86' lang='lat' dir='ltr'><strong>Eadem</strong></span> <span class='ocrx_word' id='word_1_296' title='bbox 2411 3398 2681 3483; x_wconf 56' lang='lat' dir='ltr'><strong>insigni-e</strong></span> 
     </span>
     <span class='ocr_line' id='line_1_29' title="bbox 646 3506 2678 3596; baseline 0 -24"><span class='ocrx_word' id='word_1_297' title='bbox 646 3520 735 3572; x_wconf 90' lang='lat' dir='ltr'><strong>ter</strong></span> <span class='ocrx_word' id='word_1_298' title='bbox 755 3510 918 3572; x_wconf 87' lang='lat' dir='ltr'><strong>culta</strong></span> <span class='ocrx_word' id='word_1_299' title='bbox 956 3509 1022 3571; x_wconf 89' lang='lat' dir='ltr'><strong>in</strong></span> <span class='ocrx_word' id='word_1_300' title='bbox 1066 3509 1209 3572; x_wconf 92' lang='lat' dir='ltr'><strong>luco</strong></span> <span class='ocrx_word' id='word_1_301' title='bbox 1233 3509 1507 3573; x_wconf 84' lang='lat' dir='ltr'><strong>Ferouiae</strong></span> <span class='ocrx_word' id='word_1_302' title='bbox 1540 3531 1730 3594; x_wconf 86' lang='lat' dir='ltr'><strong>prope</strong></span> <span class='ocrx_word' id='word_1_303' title='bbox 1757 3508 2151 3573; x_wconf 85' lang='lat' dir='ltr'><strong>Tarracinam</strong></span> <span class='ocrx_word' id='word_1_304' title='bbox 2180 3510 2301 3573; x_wconf 85' lang='lat' dir='ltr'><strong>sive</strong></span> <span class='ocrx_word' id='word_1_305' title='bbox 2320 3506 2541 3573; x_wconf 74' lang='lat' dir='ltr'><strong>&#39;Anxur</strong></span> <span class='ocrx_word' id='word_1_306' title='bbox 2569 3507 2678 3596; x_wconf 88' lang='grc'><strong>3),</strong></span> 
     </span>
     <span class='ocr_line' id='line_1_30' title="bbox 645 3619 2674 3709; baseline 0.002 -25"><span class='ocrx_word' id='word_1_307' title='bbox 645 3623 753 3686; x_wconf 87' lang='lat' dir='ltr'><strong>ubi</strong></span> <span class='ocrx_word' id='word_1_308' title='bbox 774 3622 1161 3685; x_wconf 80' lang='lat' dir='ltr'><strong>manumissis</strong></span> <span class='ocrx_word' id='word_1_309' title='bbox 1182 3622 1249 3686; x_wconf 90' lang='lat' dir='ltr'><strong>in</strong></span> <span class='ocrx_word' id='word_1_310' title='bbox 1275 3623 1411 3707; x_wconf 87' lang='lat' dir='ltr'><strong>ejus</strong></span> <span class='ocrx_word' id='word_1_311' title='bbox 1435 3622 1661 3707; x_wconf 88' lang='lat' dir='ltr'><strong>templo</strong></span> <span class='ocrx_word' id='word_1_312' title='bbox 1679 3619 1746 3709; x_wconf 88' lang='lat'><strong>4)</strong></span> <span class='ocrx_word' id='word_1_313' title='bbox 1766 3632 1954 3707; x_wconf 87' lang='lat' dir='ltr'><strong>caput</strong></span> <span class='ocrx_word' id='word_1_314' title='bbox 1979 3633 2221 3687; x_wconf 89' lang='lat' dir='ltr'><strong>tonsum</strong></span> <span class='ocrx_word' id='word_1_315' title='bbox 2248 3643 2395 3705; x_wconf 86' lang='lat' dir='ltr'><strong>esse,</strong></span> <span class='ocrx_word' id='word_1_316' title='bbox 2419 3634 2674 3688; x_wconf 79' lang='lat' dir='ltr'><strong>narrant</strong></span> 
     </span>
     <span class='ocr_line' id='line_1_31' title="bbox 645 3731 2679 3826; baseline 0.002 -27"><span class='ocrx_word' id='word_1_317' title='bbox 645 3735 746 3823; x_wconf 82' lang='lat'><strong>(§.</strong></span> <span class='ocrx_word' id='word_1_318' title='bbox 780 3732 920 3822; x_wconf 81' lang='lat'>62.)</span> <span class='ocrx_word' id='word_1_319' title='bbox 941 3758 960 3817; x_wconf 83' lang='lat'><em>3</em></span> <span class='ocrx_word' id='word_1_320' title='bbox 983 3736 1243 3803; x_wconf 80' lang='lat' dir='ltr'><strong>Vacuna</strong></span> <span class='ocrx_word' id='word_1_321' title='bbox 1266 3736 1344 3826; x_wconf 85' lang='lat' dir='ltr'><strong>(a</strong></span> <span class='ocrx_word' id='word_1_322' title='bbox 1370 3731 1700 3821; x_wconf 75' lang='lat' dir='ltr'><strong>vacando),</strong></span> <span class='ocrx_word' id='word_1_323' title='bbox 1724 3737 1830 3799; x_wconf 92' lang='lat' dir='ltr'><strong>cui</strong></span> <span class='ocrx_word' id='word_1_324' title='bbox 1853 3737 2169 3801; x_wconf 82' lang='lat' dir='ltr'><strong>vacunalia</strong></span> <span class='ocrx_word' id='word_1_325' title='bbox 2196 3747 2461 3821; x_wconf 80' lang='lat' dir='ltr'><strong>agrestes</strong></span> <span class='ocrx_word' id='word_1_326' title='bbox 2482 3786 2499 3819; x_wconf 86' lang='lat'>‚</span> <span class='ocrx_word' id='word_1_327' title='bbox 2526 3746 2679 3804; x_wconf 75' lang='lat' dir='ltr'><strong>con-</strong></span> 
     </span>
     <span class='ocr_line' id='line_1_32' title="bbox 649 3846 2668 3936; baseline 0.003 -28"><span class='ocrx_word' id='word_1_328' title='bbox 649 3846 773 3909; x_wconf 75' lang='lat' dir='ltr'><strong>dita</strong></span> <span class='ocrx_word' id='word_1_329' title='bbox 802 3848 1423 3931; x_wconf 76' lang='lat' dir='ltr'><strong>messe‚celebrabant</strong></span> <span class='ocrx_word' id='word_1_330' title='bbox 1445 3848 1537 3935; x_wconf 52' lang='grc' dir='ltr'>ἢ.</span> <span class='ocrx_word' id='word_1_331' title='bbox 1559 3852 1777 3936; x_wconf 86' lang='lat' dir='ltr'><strong>Neque</strong></span> <span class='ocrx_word' id='word_1_332' title='bbox 1803 3850 2011 3913; x_wconf 85' lang='lat' dir='ltr'><strong>minus</strong></span> <span class='ocrx_word' id='word_1_333' title='bbox 2028 3847 2339 3935; x_wconf 67' lang='lat' dir='ltr'><strong>indigenae</strong></span> <span class='ocrx_word' id='word_1_334' title='bbox 2354 3852 2668 3936; x_wconf 73' lang='lat' dir='ltr'><strong>censendi,</strong></span> 
     </span>
     <span class='ocr_line' id='line_1_33' title="bbox 645 3961 2668 4049; baseline 0.003 -25"><span class='ocrx_word' id='word_1_335' title='bbox 645 3982 799 4045; x_wconf 86' lang='lat' dir='ltr'><strong>quos</strong></span> <span class='ocrx_word' id='word_1_336' title='bbox 823 3961 980 4027; x_wconf 76' lang='lat' dir='ltr'><strong>iufra</strong></span> <span class='ocrx_word' id='word_1_337' title='bbox 1004 3964 1411 4049; x_wconf 60' lang='lat' dir='ltr'><strong>attingemus»,</strong></span> <span class='ocrx_word' id='word_1_338' title='bbox 1441 3964 1648 4045; x_wconf 67' lang='lat' dir='ltr'><strong>Palea,</strong></span> <span class='ocrx_word' id='word_1_339' title='bbox 1688 3964 1894 4044; x_wconf 85' lang='lat' dir='ltr'><strong>Flora,</strong></span> <span class='ocrx_word' id='word_1_340' title='bbox 1922 3964 2221 4046; x_wconf 85' lang='lat' dir='ltr'><strong>Pomona,</strong></span> <span class='ocrx_word' id='word_1_341' title='bbox 2249 3965 2668 4049; x_wconf 82' lang='lat' dir='ltr'><strong>Vertumnus3</strong></span> 
     </span>
     <span class='ocr_line' id='line_1_34' title="bbox 641 4073 2669 4161; baseline 0.004 -24"><span class='ocrx_word' id='word_1_342' title='bbox 641 4095 713 4137; x_wconf 90' lang='lat' dir='ltr'><strong>ac</strong></span> <span class='ocrx_word' id='word_1_343' title='bbox 735 4073 906 4136; x_wconf 77' lang='lat' dir='ltr'><strong>fuere</strong></span> <span class='ocrx_word' id='word_1_344' title='bbox 924 4073 1055 4158; x_wconf 84' lang='lat' dir='ltr'><strong>qui,</strong></span> <span class='ocrx_word' id='word_1_345' title='bbox 1077 4086 1462 4161; x_wconf 82' lang='lat' dir='ltr'><strong>repugnante</strong></span> <span class='ocrx_word' id='word_1_346' title='bbox 1487 4087 1695 4141; x_wconf 85' lang='lat' dir='ltr'><strong>tamen</strong></span> <span class='ocrx_word' id='word_1_347' title='bbox 1717 4074 1998 4140; x_wconf 85' lang='lat' dir='ltr'><strong>nonnihil</strong></span> <span class='ocrx_word' id='word_1_348' title='bbox 2014 4075 2230 4141; x_wconf 84' lang='lat' dir='ltr'><strong>Graeco</strong></span> <span class='ocrx_word' id='word_1_349' title='bbox 2259 4078 2393 4161; x_wconf 85' lang='lat' dir='ltr'><strong>ejus</strong></span> <span class='ocrx_word' id='word_1_350' title='bbox 2415 4080 2669 4146; x_wconf 84' lang='lat' dir='ltr'><strong>nominc</strong></span> 
     </span>
    </p>
   </div>
  </div>
 </body>
</html>
