3111 4829
1446 434 1456 441 ·
1522 410 1548 490 (
1593 407 1711 470 126
1750 410 1775 491 )

644 538 731 630 (ς.
767 539 950 629 464.)
976 590 993 624 ,
1032 542 1099 605 in
1128 563 1250 628 qua
1280 564 1348 606 re
1382 539 1688 606 sordidam
1719 541 1814 605 sui
1843 542 2134 626 temporis
2162 552 2222 605 et
2248 537 2657 606 contumelio·-

646 676 772 719 sam
814 655 1242 721 liberalitatem
1284 655 1691 744 indignantur
1728 656 2045 742 scriptores
2079 655 2170 744 6).

739 770 1036 836 Clientela
1073 769 1153 837 ad
1184 769 1439 836 heredes
1466 793 1714 858 quoque
1758 772 2090 857 transibat,
2131 794 2204 839 ac
2232 774 2495 837 maxima
2532 771 2665 835 laus

648 883 954 949 nobilium
1003 906 1190 972 quam
1238 886 1536 970 plurimos
1587 886 1840 949 clientes
1880 907 2208 951 numerare
2254 888 2294 947 7
2311 883 2355 972 ).
2408 886 2493 949 Ex
2542 906 2667 972 quo

649 1009 855 1062 autem
885 1009 1122 1085 aequata
1160 998 1357 1084 plebis
1391 1011 1452 1062 et
1486 1000 1882 1084 patriciorum
1920 1000 2102 1083 jura,
2139 997 2351 1064 eadem
2402 998 2669 1063 necessi-

649 1110 801 1175 tudo
851 1132 977 1175 non
1023 1122 1151 1175 tam
1194 1111 1419 1205 ambos,
1456 1111 1736 1195 ordines,
1778 1135 1967 1199 quam
2015 1111 2269 1177 omnino
2311 1110 2669 1176 humiliores

652 1248 798 1290 cum
830 1226 1272 1311 potentioribus
1313 1227 1671 1310 conjunxit3
1708 1249 1910 1313 neque
1937 1228 2101 1290 inter
2142 1229 2300 1291 cives
2331 1227 2531 1308 stetit,
2566 1224 2667 1289 sed

652 1340 841 1403 exteri
891 1340 1119 1421 etiam,
1169 1341 1292 1403 sive
1340 1338 1622 1404 homines
1678 1339 1948 1425 singuli,
1998 1339 2120 1402 sive
2167 1339 2435 1403 civitates
2486 1348 2670 1423 atque

654 1453 982 1539 provincias
1033 1450 1102 1541 8)
1124 1501 1141 1535 ,
1190 1453 1257 1516 in
1308 1453 1685 1519 familiarum
1729 1454 2187 1541 Romanarum,
2235 1452 2405 1517 velut
2457 1451 2673 1515 Bono-

655 1568 899 1634 nienses
944 1568 1009 1631 in
1058 1568 1470 1633 Antoniorum
1517 1566 1635 1654 9),
1669 1568 1861 1633 Siculi
1911 1568 1977 1630 in
2026 1566 2452 1645 Marcellorum
2509 1563 2674 1651 10),

653 1681 1012 1767 Allobroges
1054 1682 1133 1753 ,in
1187 1680 1517 1746 Fabiorum
1568 1679 1733 1769 11),
1775 1680 2220 1747 Lacedaemonii
2263 1683 2329 1745 in
2386 1678 2679 1748 Claudio'·

655 1816 798 1859 rum
835 1792 943 1882 12)
982 1794 1267 1859 clientela
1302 1784 1578 1859 suerunt.

660 1958 665 1962 ᾗ
719 1979 771 2045 1)
791 1980 889 2029 Lex
912 1979 1008 2029 xn
1042 1979 1202 2028 Tabb.
1224 1979 1485 2029 Patronus
1506 1982 1557 2029 η’
1590 1981 1766 2030 clienti
1794 1981 2036 2044 fraudem
2063 1982 2199 2044 faxit
2214 2017 2233 2047 ,
2272 1998 2416 2031 mcor
2448 1989 2566 2030 esto.
2604 1980 2678 2029 Cf.

655 2070 796 2133 virg.
817 2068 941 2118 AEn.
966 2068 1036 2117 vl
1056 2105 1073 2131 ,
1095 2068 1212 2118 605.
1238 2097 1299 2106 --
1321 2069 1374 2134 2)
1398 2069 1475 2117 Cf.
1497 2068 1619 2118 Hor.
1644 2069 1756 2134 Ep.
1782 2070 1808 2119 1
1831 2110 1848 2136 ,
1880 2068 1914 2118 7
1933 2107 1949 2134 ,
1977 2068 2042 2118 37
2061 2108 2077 2135 ,
2107 2086 2292 2134 rexque
2318 2078 2562 2135 paterque
2583 2085 2685 2118 ata-⁴

653 2162 783 2209 δίαιθ’
805 2173 975 2208 comm
993 2193 1010 2223 ,
1033 2163 1085 2207 et
1105 2157 1413 2222 Ep.1‚17,
1437 2158 1533 2224 43,
1558 2158 1740 2209 Juven.
1762 2161 1810 2221 1,
1837 2158 1952 2209 155.
1971 2186 2033 2198 --
2052 2159 2107 2224 5)
2152 2160 2294 2208 Uar-t.
2319 2158 2381 2225 4,
2410 2161 2443 2209 8
2462 2197 2478 2224 ,
2505 2160 2684 2208 Prima

656 2251 937 2299 salutantes
950 2255 1104 2312 aeque
1124 2248 1286 2297 altera
1306 2250 1532 2298 continet
1547 2250 1674 2299 loom
1683 2268 1705 2309 ,-
1720 2257 1908 2298 exercet
1928 2265 2112 2300 raucos
2133 2254 2278 2299 tertia
2294 2248 2682 2299 causidicos-Cf.

657 2340 838 2388 Juven.
863 2338 888 2388 1
910 2373 927 2402 ,
953 2337 1078 2402 126,
1100 2336 1221 2385 Hor.
1242 2337 1354 2401 Ep.
1377 2339 1437 2403 1,
1459 2338 1521 2403 7,
1546 2339 1607 2405 8,
1633 2339 1809 2403 Epod.
1832 2339 1893 2402 2,
1915 2338 1948 2387 7
1968 2376 1984 2403 ,
2003 2339 2222 2403 virg.G.
2240 2339 2306 2403 2,
2323 2338 2438 2388 461.
2459 2366 2518 2376 —
2536 2338 2588 2403 4)
2608 2338 2686 2387 Cf.

657 2427 838 2478 Juven.
862 2425 1058 2490 3,186.
1077 2461 1097 2491 ,
1120 2427 1245 2474 Hor.
1266 2427 1365 2476 od.
1383 2426 1528 2493 2,18
1548 2465 1564 2493 ,
1589 2427 1673 2478 17.
1693 2429 1819 2495 -5)
1844 2428 1907 2477 V.
1923 2428 2103 2478 Juven.
2129 2428 2188 2494 1,
2210 2425 2293 2476 94.
2322 2443 2464 2492 sqq„
2489 2428 2550 2491 ὅ,
2571 2426 2687 2475 249.

660 2519 790 2583 -6)
811 2520 887 2568 Cf.
911 2518 1091 2568 Juven.
1126 2519 1236 2570 Sat.
1260 2518 1323 2582 5,
1360 2519 1469 2570 Sat.
1498 2518 1523 2567 1
1541 2555 1558 2582 ,
1581 2518 1681 2583 94,
1704 2518 1738 2567 ὅ
1756 2555 1772 2583 ,
1802 2517 1928 2582 183,
1953 2518 2168 2569 Carmen
2197 2520 2256 2566 s‘n
2277 2516 2389 2566 Pes.
2413 2534 2463 2567 v.
2489 2517 2605 2567 114.
2625 2545 2687 2554 -

658 2607 712 2671 7)
737 2607 815 2656 Cf.
843 2607 967 2673 Lyd.
992 2607 1017 2657 1
1041 2644 1057 2671 ,
1096 2608 1179 2657 20.
1199 2635 1262 2646 —-
1281 2608 1334 2673 8)
1356 2607 1420 2656 V.
1450 2608 1630 2673 Nieup.
1657 2609 1681 2657 1
1704 2644 1720 2671 ‚
1764 2607 1823 2671 4,
1848 2607 1900 2657 ὅ.
1920 2637 1982 2647 —-
2001 2608 2054 2671 9)
2084 2607 2159 2656 Cf.
2186 2607 2320 2655 Suet.
2355 2610 2494 2671 Auq.
2519 2607 2600 2657 17.
2628 2635 2689 2645 --

659 2694 744 2760 10)
771 2696 848 2745 Cf.
870 2697 978 2748 Cic.
996 2698 1183 2748 Divin-
1202 2694 1248 2765 §.
1269 2698 1382 2747 1.—
1403 2697 1485 2761 11)
1506 2698 1583 2747 Cf.
1608 2698 1789 2747 Juven.
1812 2696 1870 2764 8,
1898 2697 1980 2763 13,
2003 2696 2120 2746 Sall.
2145 2697 2256 2747 Cat.
2275 2695 2359 2746 57.
2375 2696 2532 2761 -12)
2552 2697 2691 2745 Suet·-

666 2782 788 2836 Ts‘b.
810 2789 864 2839 6.

1363 2905 1413 2967 T
1415 2923 1595 2969 muns
1640 2895 1719 2966 'm-
1763 2923 1994 2966 cunm.

753 3069 901 3133 142.
932 3069 1198 3133 Romam
1227 3065 1254 3157 (
1270 3065 1312 3149 5
1338 3069 1421 3133 46
1467 3078 1528 3131 et
1554 3070 1702 3132 135.
1729 3063 1755 3155 )
1784 3067 2185 3133 vetustissimo
2215 3088 2342 3132 aevo
2368 3068 2434 3132 in
2462 3067 2657 3131 tribus
2689 3124 2704 3156 ‚

660 3179 1091 3247 Rhamnenses
1129 3181 1154 3270 (
1184 3181 1494 3246 Tatienses
1516 3230 1534 3266 ,
1572 3181 1901 3267 Titienses,
1937 3179 2171 3271 Tities)
2199 3192 2259 3246 et
2289 3182 2552 3247 Luceres
2592 3180 2658 3265 1)
2685 3224 2702 3258 ‚

660 3295 894 3360 tribum
962 3296 1031 3359 in
1079 3295 1296 3360 decem
1343 3317 1661 3383 quamque
1710 3297 1913 3363 curias
1956 3295 2035 3387 2)
2081 3296 2340 3363 divisam
2398 3319 2525 3361 esse
2545 3345 2563 3380 ,
2629 3318 2703 3360 eo

659 3430 966 3474 consensu
996 3419 1228 3473 veteres
1257 3407 1543 3493 tradunt,
1574 3420 1678 3492 ut,
1707 3410 1817 3475 etsi
1841 3410 1920 3475 de
1962 3410 2235 3477 Romulo
2263 3460 2279 3494 ,
2307 3411 2411 3475 cui
2453 3429 2563 3494 par
2588 3409 2714 3473 fuit

661 3522 1139 3588 vetustissimam
1192 3520 1423 3604 tribui,
1478 3520 1839 3589 dubitemus
1865 3573 1882 3608 ,
1927 3523 2007 3589 de
2046 3546 2114 3588 re
2135 3520 2390 3611 quidem
2417 3518 2704 3585 dubitare

664 3636 759 3701 vix
789 3637 970 3703 liceat
996 3634 1086 3726 3).
1137 3636 1311 3702 Unus
1357 3635 1574 3701 Livius
1593 3683 1619 3714 ,
1670 3638 1702 3702 1
1724 3686 1743 3721 ,
1780 3641 1861 3701 13
1888 3686 1906 3721 ,
1938 3639 2142 3703 curias
2184 3634 2483 3718 Romuli,
2527 3635 2701 3704 nulla

664 3749 946 3814 tribuum
974 3750 1290 3816 mentione
1311 3751 1471 3815 facta
1495 3798 1513 3833 ,
1558 3771 1909 3816 memorans
1935 3799 1953 3834 ,
1984 3762 2045 3814 et
2069 3798 2088 3833 ,
2111 3749 2144 3812 1
2167 3797 2187 3833 ,
2215 3749 2297 3812 43
2327 3793 2345 3831 ,
2380 3747 2705 3813 Servianas

665 3862 865 3926 tribus
891 3886 928 3926 a
951 3864 1181 3929 tributo
1211 3865 1275 3945 4)
1298 3864 1500 3929 vocari
1522 3864 1848 3929 arbitratus
1871 3911 1889 3947 ,
1918 3861 2087 3926 idem
2112 3871 2322 3925 tamen
2353 3859 2590 3926 ibidem
2633 3859 2703 3949 5)

670 3985 735 4039 et
758 3976 1037 4041 tribuum
1065 4025 1083 4060 ,
1126 4001 1266 4065 quas
1287 3977 1471 4045 modo
1492 3977 1790 4062 diximus,
1817 3976 2179 4041 nominibus
2219 3977 2507 4064 equitum
2539 3997 2704 4040 cen-

676 4088 909 4174 turias,
942 4099 1002 4154 et
1042 4092 1141 4175 X,
1190 4094 1230 4154 6
1256 4092 1520 4177 ,iisdem
1561 4091 1917 4159 nominibus
1966 4102 2169 4158 ternas
2195 4091 2482 4178 antiquas
2512 4090 2708 4194 tribus
