3111 4829
1286 403 1543 489 (385)

404 539 465 593 et
496 510 916 597 calendarium
941 545 1165 600 vocatoe
1194 536 1421 601 tabulae
1450 539 1572 601 sive
1600 536 1744 600 libri
1761 584 1778 619 ,
1810 534 2088 620 pecuniae
2115 534 2422 599 collocatas

401 644 702 709 rationem
722 693 740 728 ‚
769 657 990 710 sortem
1016 648 1277 732 scilicet,
1315 672 1550 733 usuraS,
1593 650 1843 713 nomina
1864 697 1883 733 ,
1915 648 2254 712 continens.
2289 646 2429 711 Cu—

398 758 666 842 jusmodi
694 761 1073 845 calendaria,
1098 786 1193 827 res
1216 764 1342 850 ipsa
1367 746 1486 830 fert
1501 814 1519 848 ,
1541 786 1664 827 non
1687 763 2063 849 privatorum
2092 757 2203 848 11)
2225 761 2431 845 modo,

405 870 508 936 sed
542 873 802 956 publicae
833 876 1018 941 etiam
1067 877 1349 962 pecuniae
1386 879 1592 942 fuisse.
1625 875 1722 941 Ad
1763 876 2006 961 publica
2034 873 2202 939 haud
2245 874 2434 939 dubie

409 984 743 1073 trahenda,
780 1012 932 1077 quos
958 987 1056 1079 (§·
1092 989 1288 1080 215.)
1316 993 1475 1057 inter
1497 993 1766 1057 minores
1803 992 2191 1077 magistratus
2223 988 2435 1074 posui-

401 1122 540 1164 mus
562 1149 580 1185 ,
628 1114 934 1169 curatores
983 1104 1355 1190 calendarii,
1412 1118 1713 1193 tanquam
1769 1105 1861 1169 rei
1921 1102 2186 1169 foenebri
2246 1100 2428 1166 ordi-
2501 1131 2506 1140 ·

407 1214 650 1282 nandae.

471 1376 523 1441 1)
550 1375 624 1426 Cf.
662 1377 768 1428 Liv.
801 1381 897 1444 26,
921 1381 1002 1432 11.
1027 1410 1088 1420 -
1111 1374 1261 1448 2)Cs.
1288 1384 1352 1447 1,
1386 1373 1482 1447 35,
1514 1384 1611 1446 26,
1638 1373 1720 1431 11.
1740 1408 1804 1421 -
1826 1381 1881 1440 δ)
1903 1381 1978 1429 Cf.
2002 1380 2124 1428 Bor.
2147 1375 2257 1430 Sat.
2281 1374 2342 1443 Ξ,
2367 1375 2431 1443 3,

408 1467 501 1530 69,
526 1468 648 1531 ihiq.
673 1469 851 1519 Heind.
868 1508 883 1534 ,
909 1472 1045 1521 Suet.
1071 1472 1208 1522 Nero
1230 1472 1283 1522 5.
1301 1502 1364 1510 —
1383 1473 1434 1533 4)
1458 1473 1534 1522 Cf.
1562 1473 1664 1522 Cic.
1697 1473 1798 1537 Off.
1826 1473 1848 1522 1
1869 1509 1885 1536 ,
1907 1471 1990 1520 42.
2008 1497 2071 1507 —
2091 1470 2143 1535 5)
2168 1471 2243 1518 Cf.
2266 1470 2438 1532 Quint.

409 1555 545 1604 Imt.
590 1558 733 1605 Orat.
762 1558 814 1606 11
840 1595 856 1621 ,
881 1559 931 1607 2.
956 1588 1016 1596 —
1034 1560 1086 1624 6)
1118 1563 1262 1609 Ams-
1288 1562 1350 1625 6,
1376 1561 1457 1612 16.
1481 1590 1544 1602 -
1565 1562 1620 1623 7)
1643 1564 1762 1611 Tac.
1787 1561 1859 1610 ib.
1883 1587 1947 1600 —
1968 1562 2020 1627 8)
2045 1561 2108 1610 V.
2131 1561 2237 1609 Liv.
2264 1558 2328 1623 7,
2353 1559 2437 1611 16.

408 1671 472 1680 -
489 1643 540 1707 9)
565 1645 791 1694 solennia
810 1646 871 1696 de
888 1665 942 1696 re
958 1649 1107 1697 verba
1125 1665 1230 1698 sors
1250 1686 1267 1713 ,
1293 1656 1441 1716 caput
1457 1666 1474 1715 3
1501 1652 1662 1701 soenus
1680 1689 1696 1715 ,
1736 1667 1886 1701 usura
1902 1687 1919 1714 ,
1943 1667 2133 1699 merces
2152 1651 2302 1713 (Hor.
2326 1649 2439 1699 Sat.

411 1730 470 1794 1,
494 1725 556 1796 9,
583 1733 671 1796 14,
694 1735 754 1796 3,
777 1733 895 1800 88.)
914 1772 933 1801 ,
958 1738 1221 1802 pecuniam
1244 1755 1429 1803 ponere
1447 1776 1463 1802 ,
1498 1740 1550 1788 in
1583 1740 1767 1789 soenere
1791 1750 1976 1805 ponere
1993 1776 2009 1803 ,
2033 1740 2277 1788 collocare
2295 1775 2312 1802 ,
2353 1754 2443 1786 oc-

406 1835 589 1885 cupare
609 1838 624 1887 3
648 1826 909 1888 pecuniam
929 1828 1148 1892 relegere
1169 1866 1185 1892 ,
1208 1845 1373 1878 usum
1394 1831 1691 1894 quadrantes
1711 1869 1727 1896 ,
1755 1831 1927 1896 (trium
1945 1830 2207 1880 unciarum
2222 1829 2276 1876 in
2298 1843 2442 1877 men-

410 1932 513 1964 sem
532 1952 547 1978 ,
570 1916 773 1966 totidem
815 1921 993 1968 assium
1032 1921 1084 1968 in
1120 1937 1305 1970 annum
1324 1959 1340 1984 ‚
1375 1921 1436 1970 de
1469 1928 1673 1971 centum
1706 1922 1895 1971 assibus
1914 1958 1931 1985 ,
1949 1927 1970 1982 )
1990 1922 2195 1969 trientes
2214 1957 2230 1983 ,
2270 1920 2442 1968 semis-

412 2020 518 2068 ses,
554 2012 651 2055 etc.
678 2009 776 2066 (cs.
799 2009 904 2064 Cic.
946 2010 1008 2059 ad
1045 2014 1151 2060 Aet.
1176 2010 1237 2074 4,
1265 2011 1358 2075 15,
1383 2012 1521 2060 Pers.
1545 2011 1609 2076 5,
1637 2011 1784 2076 149.)
1808 2039 1869 2048 -
1889 2010 1971 2074 10)
1999 2011 2073 2058 Ct'.
2097 2011 2217 2058 Bor.
2243 2009 2353 2072 Spe.
2380 2007 2405 2057 1
2424 2044 2441 2072 ,

414 2093 475 2157 ὅ,
500 2093 592 2158 87,
615 2099 813 2146 misero
833 2099 1094 2163 Calondoe,
1121 2105 1172 2149 et
1193 2100 1304 2163 Ep.
1329 2100 1380 2164 2,
1405 2099 1489 2162 69,
1516 2117 1714 2148 omnem
1737 2100 1910 2163 releqit
1931 2100 2117 2150 Idibus
2132 2108 2407 2168 pactensem
2421 2117 2446 2157 ‚-

414 2187 600 2248 quoen‘t
620 2185 853 2235 Calendis
865 2203 1070 2259 ponere.
1094 2215 1153 2224 —
1176 2183 1257 2251 11)
1281 2189 1394 2236 Sen-
1420 2188 1530 2251 Ep.
1553 2187 1617 2236 87
1632 2224 1647 2249 ,
1674 2189 1878 2236 divitem
1896 2185 2045 2235 {llum
2055 2194 2215 2250 putas
2233 2214 2294 2222 —
2313 2185 2440 2249 quid

415 2288 635 2336 maynus
674 2276 958 2324 calendarii
996 2276 1121 2324 liber
1152 2277 1401 2336 volvitur,-
1441 2275 1509 2324 id.
1524 2313 1541 2339 ,
1586 2275 1700 2339 Ep.
1743 2275 1805 2326 14
1814 2311 1833 2340 ,
1873 2277 1997 2324 dum
2037 2277 2098 2323 do
2137 2278 2444 2324 incremento

412 2361 599 2426 coqilat
611 2396 630 2426 ,
655 2359 839 2411 oblitus
859 2359 930 2411 est'
952 2380 1080 2412 usus
1094 2400 1110 2427 ,
1132 2367 1355 2413 rationes
1382 2367 1574 2428 accipit
1588 2401 1604 2429 ,
1632 2363 1808 2429 forum
1828 2368 2041 2414 conterit
2055 2401 2072 2431 ,
2091 2366 2443 2414 calendarium

412 2452 606 2512 versat,
635 2450 697 2512 fit
727 2466 786 2497 ex
809 2450 1011 2500 domino
1031 2459 1351 2515 procurator.
1379 2452 1454 2500 Cf.
1491 2452 1562 2501 id.
1588 2454 1648 2501 de
1675 2450 1806 2502 Ben-
1828 2454 1886 2517 1,
1911 2453 1969 2517 2,
1992 2451 2025 2501 7
2043 2489 2059 2516 ,
2095 2452 2175 2502 10.
2209 2453 2351 2501 Mart.
2378 2450 2440 2519 8,

413 2535 499 2602 44,
525 2537 606 2600 11,
629 2536 829 2587 centum
850 2538 1168 2604 explicandus·
1179 2542 1385 2605 paqt‘noe
1404 2544 1754 2592 calendarum.
1778 2534 2008 2593 Occurrit
2024 2542 2172 2593 etiam
2189 2540 2441 2609 inDs‘99„

414 2631 474 2675 ut
502 2627 595 2691 26,
639 2627 701 2691 7,
742 2628 835 2690 59,
874 2626 923 2697 ἓ.
957 2630 988 2678 8
1004 2667 1018 2693 ,
1043 2631 1144 2680 loc.
1184 2631 1358 2697 Papin.
1380 2667 1396 2696 ‚
1417 2661 1476 2669 —
1494 2635 1773 2696 pecuniam
1795 2637 1853 2682 in
1875 2635 2226 2683 calendarium
2243 2634 2449 2699 pupillo·

413 2721 681 2783 convertit,
706 2725 756 2768 et
775 2719 867 2782 52,
903 2720 967 2769 fr.
999 2716 1092 2784 64,
1125 2721 1223 2769 loc.
1248 2718 1469 2769 Africani
1488 2758 1504 2785 ,
1526 2750 1586 2759 —
1611 2725 1959 2787 cartaproedia
1975 2725 2150 2788 nepoti
2167 2740 2265 2788 por
2296 2725 2441 2789 fidei-

413 2811 736 2857 commissum
753 2810 958 2858 dederat
969 2846 986 2874 ‚
1010 2819 1209 2876 excepto
1229 2813 1541 2862 calendario.

508 2952 660 3014 385.
709 2952 800 3014 De
843 2961 1187 3015 mercatura
1225 2961 1431 3016 autem
1478 2950 1640 3016 dieta
1685 2954 2035 3036 intuentes,
2071 2972 2196 3019 non
2240 2956 2437 3022 mira·-

417 3058 627 3122 himur
668 3081 885 3145 parum
936 3082 1101 3124 curae
1145 3062 1331 3126 fuisse
1372 3064 1667 3127 Romanis
1690 3112 1707 3146 ,
1760 3076 1828 3128 ut
1871 3066 2256 3152 navigatione
2300 3091 2438 3135 cam

415 3172 741 3256 juvarent,
778 3172 1118 3259 urbemque
1161 3173 1240 3237 ad
1289 3196 1594 3238 summam
1625 3177 1959 3261 potentiam
2000 3180 2219 3244 elatam
2266 3203 2443 3248 com-

422 3286 666 3352 merciis
715 3307 961 3372 quoque
1011 3285 1330 3351 florentem
1377 3286 1737 3373 redderent3
1780 3291 2017 3354 tametsi
2061 3313 2205 3355 cum
2250 3293 2442 3359 Italiae

427 3413 563 3466 tum
595 3401 782 3487 ipsius
823 3403 1037 3466 Romae
1077 3401 1225 3464 situs
1265 3398 1344 3464 ad
1385 3423 1521 3466 eam
1559 3424 1688 3465 rem
1734 3404 1998 3468 maxime
2037 3404 2293 3472 invitare
2340 3432 2440 3474 eos

426 3515 749 3581 debuisset.
771 3515 1022 3578 Portum
1051 3524 1257 3578 tamen
1278 3513 1462 3578 Ostiae
1489 3516 1634 3579 urbs
1659 3528 1904 3583 mature
1935 3531 2143 3602 nacta,
2165 3520 2245 3586 ab
2264 3522 2439 3587 Anco

426 3629 639 3694 Martio
688 3627 1055 3692 aedificatum
1080 3676 1098 3711 ,
1140 3628 1248 3714 qui
1295 3638 1357 3691 et
1401 3630 1592 3716 sylvas
1639 3629 1934 3717 quasdam
1982 3633 2240 3718 navigiis
2279 3657 2444 3701 con-

431 3741 734 3805 struendis
762 3741 1081 3806 destinavit
1122 3740 1208 3830 1).
1251 3742 1488 3809 Verum
1524 3765 1729 3830 neque
1760 3743 1864 3809 hic
1907 3768 2048 3830 rex,
2089 3758 2160 3811 ut
2197 3750 2400 3814 coeteri
2425 3797 2443 3832 ‚

428 3864 647 3940 praetcr
674 3856 937 3922 Numam
954 3903 974 3940 ,
996 3855 1146 3920 belli
1169 3877 1382 3921 amans
1402 3905 1420 3940 ,
1442 3856 1520 3922 de
1543 3868 1888 3923 mercatura
1916 3859 2294 3928 extendenda
2314 3885 2445 3929 ma-

435 3990 701 4055 gnopere
732 3972 1019 4057 cogitasse
1060 3969 1321 4037 videtur.
1366 3970 1441 4034 In
1472 3971 1666 4038 libera
1695 3972 1965 4059 civitate,
1996 3986 2288 4061 perpetua
2308 3975 2441 4062 jam

434 4104 581 4148 cum
606 4082 881 4150 finitimis
918 4084 1339 4175 dimicatione,
1366 4086 1799 4176 impensiorem
1835 4110 2048 4156 curam
2075 4090 2260 4157 fuisse
2277 4140 2296 4176 ,
2319 4113 2445 4156 non

2044 4201 2126 4263 49
