3111 4829
1347 406 1375 488 (
1415 406 1533 469 339
1573 406 1600 489 )

457 538 724 603 faustum
750 537 1127 602 nubentibus
1153 547 1296 603 ante
1316 536 1561 617 condita
1587 537 1812 604 ancilia
1842 538 1868 620 (
1894 539 1979 604 ib.
2011 530 2214 629 393.)
2243 543 2471 609 Eadem

459 651 560 719 die
585 652 764 718 Marti
801 651 1159 720 Matronalia
1187 650 1321 742 (ib.
1359 653 1483 718 170
1517 662 1578 716 et
1602 653 1753 717 259.
1781 648 1806 738 )

553 769 615 830 6.
647 765 891 831 Festum
919 765 1048 831 dete
1068 767 1267 834 Vestae
1297 764 1325 856 (
1346 767 1405 853 5.
1429 766 1582 832 288.
1615 763 1794 831 Ovid.
1828 765 1948 851 111,
1980 768 2128 835 417.
2161 767 2188 856 )

549 878 777 945 Eadem
815 879 943 945 dies
971 880 1238 967 Augusti
1265 879 1659 946 Pontificatus
1680 879 1977 970 initium(
2007 880 2094 946 ib.
2128 882 2227 946 19.
2254 879 2281 968 )
2518 873 2533 909 ⁸

547 996 610 1059 7.
659 993 906 1058 Festum
932 994 1177 1079 Vejovis
1201 991 1229 1083 (
1250 996 1308 1080 §.
1339 991 1521 1080 290.)

518 1152 532 1167 .
551 1110 654 1171 14.
702 1105 952 1192 Equiria
971 1156 989 1190 ‚
1036 1106 1105 1170 in
1160 1105 1459 1171 honorem
1499 1105 1705 1184 Martis
1726 1154 1744 1190 ,
1809 1127 2108 1192 equorum
2162 1108 2475 1171 curulium

455 1240 660 1285 cursu.
712 1219 942 1285 Eadem
984 1220 1084 1285 die
1127 1222 1233 1286 27.
1279 1219 1597 1300 Februarii
1626 1266 1644 1303 ‚
1674 1230 1736 1285 et
1772 1219 1918 1290 alias
1949 1216 2176 1310 (Ovid.
2201 1220 2261 1282 11
2282 1267 2300 1303 ,
2325 1223 2474 1302 859,

456 1331 549 1396 ΙΙΙ
572 1380 590 1416 ,
635 1330 835 1420 519.)

549 1450 653 1510 15.
701 1444 900 1510 Annae
923 1446 1218 1530 Perennae
1257 1446 1498 1531 geniale
1535 1443 1761 1506 festum
1795 1437 1879 1527 1).
1909 1440 2082 1506 Idem
2124 1442 2252 1507 dies
2275 1445 2480 1508 inter-

455 1557 600 1623 fecti
640 1560 696 1623 J.
732 1558 981 1623 Caesaris
1010 1556 1143 1646 (ib.
1171 1554 1380 1643 697.)

552 1673 654 1738 17.
702 1670 1003 1737 Liberalia
1025 1718 1044 1754 ‚
1083 1667 1303 1734 Libero
1328 1714 1346 1751 ,
1388 1689 1536 1733 cum
1585 1664 1828 1734 Baccho
1874 1666 2130 1731 confuso
2177 1664 2274 1752 (§.
2326 1667 2485 1730 303·

453 1785 618 1851 ovid
635 1786 723 1853 ib.
751 1767 944 1871 513.)
966 1833 986 1867 ,
1021 1782 1126 1849 sed
1156 1781 1390 1846 diversa
1419 1802 1457 1846 a
1476 1777 1972 1864 Bacchanalibus
1991 1827 2009 1864 ,
2051 1780 2266 1843 Romae
2289 1779 2486 1844 vetitis

453 1926 509 1969 a.
531 1904 607 1969 U.
635 1900 704 1969 C.
734 1902 885 1968 567.
906 1899 1018 1964 His
1036 1897 1206 1963 feriis
1237 1905 1376 1981 toga
1401 1895 1597 1961 libera
1635 1894 1736 1984 (5.
1771 1891 1964 1983 483.)
1992 1891 2254 1958 dabatur
2272 1892 2478 1979 pueris

457 2016 582 2106 (ib.
613 2012 813 2103 771.)
1900 2021 1901 2024 ’

551 2133 657 2196 19.
708 2127 810 2195 ad.
859 2128 965 2193 23.
1014 2123 1467 2210 Quinquatria,
1508 2122 1830 2202 Minervas,
1874 2142 1912 2186 a
1952 2120 2231 2207 quinque
2267 2118 2484 2185 diebus

457 2244 757 2330 adpellata
824 2240 946 2332 (ib.
985 2238 1222 2327 809.)‚
1271 2238 1493 2303 ultima
1535 2235 1637 2301 die
1675 2233 2162 2318 Tubilustrium,
2211 2234 2487 2299 lustratio

368 2413 374 2421 .
459 2357 750 2426 tubarum
780 2355 904 2447 (ib.
940 2352 1135 2442 849.)
1222 2439 1228 2446 ἱ

547 2474 657 2538 25.
708 2470 944 2537 Hilaris
965 2517 987 2555 ‚
1042 2490 1170 2534 non
1207 2475 1542 2537 memorata
1592 2461 1813 2525 ovidio
1835 2505 1854 2541 ,
1903 2462 1972 2522 in
2017 2460 2314 2523 honorem
2363 2460 2490 2544 Gy-

457 2587 624 2652 beles
668 2582 767 2675 (§.
814 2584 967 2650 306.
1014 2584 1094 2651 V.
1139 2578 1404 2647 macrob.
1431 2577 1494 2662 Ι,
1519 2578 1598 2642 21
1628 2622 1646 2659 ‚
1675 2575 1919 2658 Lampr.
1945 2572 2013 2635 in
2036 2569 2154 2637 AI.
2189 2567 2331 2636 Sev.
2360 2574 2448 2635 37
2469 2617 2489 2654 ,

454 2678 608 2788 Vop.
642 2699 710 2764 in
735 2696 974 2764 Aursl.
1012 2694 1121 2784 1.)
1148 2696 1327 2776 nme,
1360 2690 1566 2756 nescio
1588 2735 1606 2772 ,
1627 2710 1708 2754 en
1727 2696 1894 2752 reete
1911 2734 1930 2770 ‚
1959 2697 2198 2771 partem
2220 2681 2480 2771 quidam

452 2815 590 2881 festi
618 2813 856 2882 faciunt
875 2811 1214 2877 Lavationis
1233 2807 1441 2875 Matris
1462 2806 1667 2889 Deum
1688 2849 1711 2880 ‚
1739 2802 1819 2868 ab
1843 2799 2064 2868 ovidio
2087 2797 2216 2891 (lv
2241 2847 2259 2882 ,
2290 2797 2439 2862 337.
2464 2777 2491 2866 )

457 2951 603 2994 cum
628 2926 968 3014 Megalesiis
990 2923 1134 3010 conj
1145 2933 1371 3005 unctae.

529 3135 581 3203 ι)
604 3133 746 3184 ovis.
769 3132 918 3184 Fue.
948 3130 1017 3197 z,
1049 3129 1187 3181 ὄπι

753 3266 926 3319 Idibus
961 3273 1035 3318 est
1067 3266 1226 3315 Anno
1260 3265 1442 3313 sentum
1480 3262 1673 3328 geniale
1710 3260 1980 3319 Perenna,

816 3356 961 3406 Haud
991 3355 1170 3421 procul
1203 3369 1232 3402 a
1263 3353 1383 3418 ripis
1401 3389 1418 3416 ‚
1462 3351 1651 3401 advene
1694 3349 1849 3417 Tybri
1869 3386 1887 3416 ,
1919 3351 2038 3399 tuis.

753 3447 900 3500 Plebs
919 3445 1057 3495 venit
1073 3481 1090 3509 ‚
1109 3459 1200 3508 ne,
1220 3442 1401 3492 viride·
1434 3441 1616 3507 passim
1653 3438 1858 3507 disjecta
1889 3454 1980 3504 per
2004 3438 2185 3488 herbas
2208 3472 2226 3501 ,
2300 3456 2303 3459 ·

819 3538 965 3588 Petet
984 3572 1000 3599 ‚
1043 3539 1096 3584 et
1130 3531 1382 3583 eeeumbit
1415 3547 1537 3581 eum
1583 3546 1703 3596 pere
1735 3529 1947 3595 quisque
1985 3543 2093 3577 sun.

763 3630 868 3681 Sub
887 3629 1012 3678 Jove
1031 3641 1146 3692 per·
1171 3624 1353 3688 dur-13
1379 3622 1526 3687 peuei
1548 3621 1762 3671 tentoria
1797 3622 1992 3685 ponunt
2011 3633 2029 3682 3

823 3721 948 3770 Sunt
965 3754 982 3784 ,
1022 3714 1205 3781 quibus
1227 3729 1256 3763 e
1295 3712 1444 3761 rami·
1478 3711 1686 3761 frondea
1716 3710 1847 3759 sueta
1878 3723 1990 3757 cesa
2013 3712 2116 3771 est3

756 3812 876 3862 Pars
907 3809 1002 3859 sibi
1024 3822 1115 3874 pro
1137 3802 1308 3870 rigidi·
1327 3801 1541 3851 calamo·
1555 3804 1769 3850 statuere
1790 3796 2035 3848 columnis
2058 3812 2070 3844 ;

826 3901 1049 3966 Desuper
1090 3899 1310 3947 exten-u
1353 3882 1635 3957 imposuere
1669 3895 1827 3955 togas.

769 3992 879 4041 Sole
899 3996 1068 4041 tamen
1095 3987 1312 4050 vinoque
1350 3983 1821 4046 celent,.nnnosque
1860 3979 2126 4044 precantur
2143 4011 2158 4039 ‚

823 4082 951 4145 Quot
1003 4082 1208 4131 sumunt
1256 4074 1457 4136 cyathos
1476 4110 1492 4137 ‚
1533 4073 1593 4121 nd
1627 4085 1989 4132 numerumque
2026 4066 2230 4117 bibunt.
