3111 4829
1326 416 1352 500 (
1393 415 1509 476 413
1555 413 1580 496 )

467 550 862 620 referendum
910 551 1108 638 magis
1143 547 1416 614 Petronii
1453 547 1729 631 Arbitri,
1773 546 1889 611 sub
1924 547 2162 612 Nerone
2186 593 2205 629 ‚
2246 546 2379 627 vel,
2418 556 2492 612 ut

464 668 780 734 nonnullis
833 667 1067 752 placet,
1122 662 1387 732 auctoris
1444 661 1560 730 suh
1623 658 1955 728 Commodo
2012 659 2283 725 florentis
2337 655 2482 724 Sa·-

456 784 727 868 lyricen.

634 991 954 1038 RHETORES
978 1017 996 1054 2
1042 989 1493 1051 anamma-101,
1540 987 1911 1043 ANTIQUARH
1942 1014 1959 1050 2
2002 987 2292 1034 uY‘rmct.

546 1136 696 1199 414.
732 1134 1037 1219 Linguam
1057 1132 1331 1197 Latinam
1352 1178 1369 1214 ,
1399 1130 1640 1216 vigente
1659 1130 1876 1194 Romae
1895 1128 2250 1192 Graecarum
2280 1123 2488 1191 studio

454 1247 796 1313 litterarum
824 1295 841 1331 ,
873 1269 983 1332 per
1009 1247 1231 1333 patrios
1254 1241 1572 1330 scriptores
1602 1253 1664 1307 et
1694 1242 2122 1329 grammaticos
2143 1241 2440 1306 excultam
2460 1288 2480 1322 ‚

452 1362 601 1425 item
639 1363 820 1430 latius
864 1372 1170 1447 patentem
1205 1360 1393 1444 hujus
1433 1357 1709 1422 vocabuli
1754 1356 2065 1420 notionem
2110 1378 2290 1441 supra
2318 1355 2478 1420 atti-

454 1476 657 1562 gimus
714 1474 739 1565 (
765 1478 824 1561 §-
885 1472 1081 1562 404.)
1133 1474 1563 1539 Grammaticis
1617 1491 1877 1536 munere
1939 1469 2236 1553 proximi,
2295 1468 2480 1554 vulgo

452 1597 659 1654 tamen
682 1588 857 1654 abiis
875 1589 1143 1656 distincti
1168 1637 1186 1672 ,
1215 1588 1579 1674 eloquentiae
1609 1583 1920 1671 magistri,
1950 1582 2238 1647 rhetores.
2280 1583 2480 1646 Utro-

450 1724 717 1788 rumque
750 1717 986 1790 magna
1033 1704 1100 1767 in
1161 1703 1314 1770 urbe
1362 1699 1729 1781 multitudo,
1783 1709 1843 1761 et
1881 1696 2143 1782 ¹plurimi
2191 1706 2478 1780 utrasque

450 1813 835 1901 disciplinas,
886 1828 956 1882 ut
1001 1839 1112 1902 par
1156 1827 1322 1899 erat,
1365 1814 1641 1899 scriptis,
1690 1812 1793 1878 alii
1839 1811 2091 1891 GraecO,
2129 1808 2234 1876 alii
2263 1807 2479 1872 latino

450 1949 731 1993 sermone
768 1940 1219 2015 exposuerunt,
1261 1927 1338 1993 de
1375 1929 1601 2015 quibus
1639 1925 1757 1996 hoc
1787 1927 1918 1989 loco
1950 1923 2296 2009 superstites
2326 1944 2475 1987 me-

445 2040 748 2112 morandi.

535 2154 704 2219 Inter
740 2154 1010 2220 rhetores
1053 2156 1313 2241 insignis
1358 2164 1445 2218 est
1491 2153 1744 2233 Cicero,
1780 2150 1960 2234 cujus
2003 2173 2037 2214 e
2081 2149 2316 2235 scriptis
2341 2147 2496 2213 huc.

445 2268 765 2333 referenda
793 2270 937 2333 libri
968 2269 1048 2334 de
1078 2269 1496 2342 Inventione,
1531 2266 1607 2330 de
1645 2266 1925 2330 Oratore
1946 2311 1970 2340 ,
2012 2263 2296 2339 Orator,
2323 2263 2465 2329 alia.

451 2381 731 2452 Ciceroni
762 2383 1013 2469 aequalis
1046 2382 1308 2448 habetur
1339 2391 1551 2447 auctor
1576 2378 2071 2445 Rhetoricorum
2113 2376 2190 2441 ad
2224 2378 2470 2442 Heren-

444 2495 644 2561 nium.
700 2494 918 2565 Eidem
963 2497 1272 2583 proximus
1320 2507 1495 2561 aetate
1542 2496 1625 2563 Μ.
1675 2494 1948 2559 Annaeus
1991 2492 2262 2575 Seneca,
2307 2491 2472 2561 ,huie

444 2609 883 2692 Quintilianus.
918 2612 1165 2679 Seneeae
1194 2620 1519 2695 supersunt
1546 2606 1922 2681 Suasorioe,
1960 2592 2426 2672 Controvereiae
2438 2652 2468 2683 ,

443 2735 504 2789 et
547 2736 826 2810 excerpta
876 2702 1484 2790 Controuersiarum
1498 2750 1525 2803 ‚-
1570 2718 1937 2806 Quintiliani
1979 2722 2082 2787 hic
2125 2723 2467 2809 pouendae‚

439 2839 998 2924 praestantissimum
1039 2863 1224 2926 opuS,
1265 2839 1726 2906 Institutiones
1773 2837 2125 2902 Oratorioe.
2159 2837 2310 2902 Julii
2340 2838 2468 2906 Se-

440 2952 715 3035 veriani,
748 2953 952 3015 saeculi
978 2953 1217 3038 quinti,
1257 2953 1568 3025 Harlesius
1609 2952 1755 3016 facit
1785 2951 2017 3018 librum
2057 2950 2134 3014 de
2174 2963 2317 3014 arte
2356 2952 2471 3018 di·-

445 3063 678 3142 cendi,
734 3064 907 3131 Celso
940 3087 1260 3156 perperam
1303 3066 1625 3130 tributum.
1661 3066 2045 3151 Argumento
2084 3062 2162 3126 ad
2192 3061 2467 3132 rhetores

442 3175 780 3242 trahendus
800 3227 817 3262 ,
858 3201 1042 3265 quem
1077 3177 1182 3241 alii
1212 3176 1594 3258 Quintiliano
1619 3227 1639 3263 2
1666 3179 1770 3241 alii
1800 3179 2006 3243 Tacito
2035 3176 2470 3261 vindicarunt,

442 3294 520 3359 de
561 3297 783 3359 causis
839 3306 1163 3380 corruplae
1211 3294 1588 3381 eloquentiae
1643 3293 1939 3380 dialogus,
1992 3296 2213 3359 Saeculi
2263 3295 2466 3381 quarti

438 3410 684 3484 Maximi
711 3408 1013 3476 Victorini
1050 3411 1359 3496 expositio
1391 3408 1458 3472 in
1503 3409 1704 3473 libros
1748 3409 2083 3475 Ciceronis
2120 3410 2196 3475 de
2239 3414 2466 3477 invem

442 3529 631 3600 tione.

532 3643 683 3709 415.
735 3640 808 3703 In
845 3638 1382 3725 grammaticorum
1416 3639 1652 3731 scriptis
1681 3638 2100 3729 distinguendi
2132 3663 2466 3707 commen—-

437 3751 574 3823 tarii
606 3752 670 3814 in
714 3763 940 3816 veteres
981 3763 1276 3817 auctores.
1321 3755 1407 3816 Ex
1447 3776 1517 3817 eo
1562 3777 1788 3841 genere
1827 3756 2074 3819 Asconii
2115 3755 2367 3820 Petliani
2398 3757 2466 3828 ia

442 3862 748 3935 Ciceronis
777 3867 1075 3930 orationes
1100 3916 1117 3947 ‚
1166 3866 1421 3930 Acronis
1456 3877 1515 3930 et
1542 3866 1976 3955 Porphyrionis
2006 3869 2071 3932 in
2099 3870 2464 3952 Horatium,

439 4000 510 4041 ex
547 4000 699 4043 aerea
740 3992 912 4051 aetate
951 3981 1100 4045 AElii
1139 3981 1406 4063 Donati,
1445 3981 1751 4045 variarum
1796 3987 2041 4069 q'uoque
2080 3995 2464 4050 commenta-

434 4076 675 4167 ‘tionum
706 4097 1244 4184 grammaticarum
1276 4098 1542 4167 auctoris
1568 4148 1584 4181 ‚
1617 4098 1681 4163 in
1714 4098 2066 4169 Terentium
2094 4150 2110 4185 ‚
2137 4101 2327 4168 Servii
2356 4150 2370 4181 ‚
2403 4110 2464 4161 ct
