3111 4829
1521 385 1772 470 (sss)

639 542 856 587 corum
895 519 1288 604 drachmam,
1329 531 1462 607 post
1501 519 1771 583 sedecim
1808 501 2042 582 assibus
2080 524 2353 604 aequatus
2378 508 2471 601 6),
2501 511 2676 576 idem

645 660 684 700 a
716 636 875 721 bigis
912 647 972 699 et
1004 636 1316 722 quadrigis
1352 634 1596 720 bigatus
1637 643 1696 696 et
1733 629 2131 718 quadrigatus
2172 649 2420 716 quoque
2445 626 2674 690 dictus.

647 749 948 829 Quinario
992 749 1242 836 aequalis
1287 746 1647 834 peregrinus
1697 767 1970 829 numus,
2020 743 2372 808 victoriatus
2416 738 2496 802 ab
2537 739 2679 802 im—

644 883 848 948 pressa
889 863 1157 931 Victoria
1186 861 1541 947 adpellatus.
1578 862 1654 924 In
1691 860 1897 923 numis
1936 858 2136 923 aureis
2176 852 2514 935 notandus,
2557 855 2674 939 qui

646 975 1005 1060 simpliciter
1044 997 1267 1039 aureus
1299 974 1325 1063 (
1346 971 1592 1056 xpv‘o-ms
1617 1019 1633 1048 ,
1675 969 1944 1059 χρυαοιῗς)
1976 971 2201 1035 dicitur
2226 1019 2243 1052 ,
2284 966 2451 1031 idem
2479 1014 2496 1047 ,
2541 979 2683 1052 post

646 1086 929 1150 inductos
960 1086 1230 1152 semisses
1271 1096 1332 1150 et
1378 1086 1679 1150 tremisses
1704 1134 1721 1167 ,
1764 1084 1939 1149 solidi
1986 1083 2237 1147 nomine
2300 1082 2630 1147 distinctus
2661 1130 2681 1166 ,

645 1198 917 1285 pondere
948 1222 1046 1263 sex
1082 1201 1509 1285 scrupulorum
1532 1248 1549 1283 ,
1578 1200 1784 1263 valens
1814 1208 2066 1262 centurn
2102 1196 2405 1260 sestertios
2443 1193 2536 1283 7).

737 1312 1015 1377 Grandes
1062 1334 1330 1378 summas
1371 1313 1575 1377 Graeci
1616 1311 1897 1394 talentis,
1930 1310 2130 1373 minas
2179 1312 2263 1373 60
2288 1357 2305 1392 ,
2352 1308 2686 1373 drachmas

654 1430 832 1514 <6000
864 1427 1285 1514 aequantibus,
1312 1427 1583 1496 Romani
1624 1426 1888 1507 assibus,
1931 1422 2194 1487 maxime
2238 1423 2522 1486 sestertiis
2569 1444 2687 1486 ex-

654 1540 1034 1627 primebant,
1058 1564 1094 1605 a
1123 1561 1315 1605 numo
1344 1539 1785 1625 distinguentes
1809 1536 2148 1602 sestertium
2180 1531 2484 1625 (pondo),
2508 1534 2689 1598 mille

658 1653 1069 1716 sestertiorum
1096 1674 1440 1736 summam3
1483 1663 1772 1715 caeterum
1816 1651 1882 1714 in
1911 1671 2169 1714 numero
2213 1647 2416 1716 decies
2451 1646 2692 1711 centies

657 1768 869 1850 mille,
923 1776 1031 1838 aut
1093 1766 1353 1854 majori,
1416 1766 1678 1848 omisso,
1734 1775 1804 1838 ut
1862 1765 2046 1851 vulgo
2109 1772 2372 1847 putant,
2416 1783 2689 1835 numero

660 1887 959 1959 centeno,
1001 1877 1255 1940 sestertii
1292 1876 1586 1943 vocabulo
1625 1887 1733 1937 aut
1793 1875 1966 1959 signo
2008 1872 2293 1941 adverbia
2336 1874 2692 1944 numeralia

654 1988 1021 2075 jungentes3
1060 1989 1226 2053 velut
1261 1988 1461 2054 decies
1496 1987 1837 2052 sestertium
1882 1986 1973 2056 vel
1999 1989 2059 2050 X
2092 1987 2261 2070 LLS,
2297 1987 2341 2051 i.
2383 2009 2437 2051 e.
2477 1985 2697 2053 decios

658 2116 916 2169 centena
960 2105 1225 2168 sestertia
1250 2151 1267 2186 ,
1321 2103 1416 2166 vel
1466 2101 1668 2167 decies
1720 2112 1980 2167 centena
2025 2101 2222 2166 millia
2272 2102 2694 2167 sestertiorum
2783 2165 2790 2166 ff

660 2239 997 2282 numorum
1019 2240 1037 2301 3
1078 2217 1163 2287 sic
1195 2217 1412 2299 vicies,
1445 2227 1560 2282 ete.
1610 2213 1713 2304 8),
1753 2215 1942 2279 dubio
1983 2214 2354 2303 quandoque
2392 2211 2698 2309 numeru,

658 2332 993 2419 praesertim
1017 2378 1034 2413 ,
1061 2353 1257 2418 quum
1287 2331 1541 2395 sestertii
1579 2330 1827 2417 signum
1862 2329 2285 2400 numeralibus
2315 2330 2506 2414 signis
2531 2329 2702 2413 jun-

663 2446 866 2531 gitur,
913 2456 985 2508 ut
1012 2445 1119 2508 IlS
1150 2445 1196 2508 C
1228 2442 1407 2533 (Sall.
1463 2442 1606 2508 Cat.
1656 2439 1811 2530 25.)
1857 2444 2033 2529 Saepe
2079 2443 2265 2507 etiam
2315 2443 2698 2510 vocabulum

656 2560 994 2621 sestertius
1023 2566 1131 2622 aut
1158 2559 1531 2626 sestertium
1563 2556 1867 2625 omittunt·
1889 2555 1981 2651 9).

724 2743 778 2809 1)
806 2742 885 2791 cf.
917 2743 1049 2791 Plin.
1091 2742 1154 2793 18
1170 2779 1186 2806 ,
1222 2743 1255 2792 5
1275 2778 1291 2805 ,
1336 2743 1546 2793 Servius
1567 2760 1656 2792 rex
1684 2747 1856 2818 ovium
1873 2744 2122 2810 boumque
2138 2745 2296 2808 sffiqis
2307 2746 2515 2807 primus
2535 2756 2603 2790 ωε
2623 2745 2704 2790 ss‘-

657 2837 851 2900 qnavs’t.
868 2856 928 2874 —·
954 2833 1007 2898 2)
1031 2832 1108 2880 Cf.
1135 2833 1242 2881 Liv.
1275 2831 1337 2896 4,
1376 2833 1441 2881 60
1456 2870 1472 2896 ,
1501 2832 1533 2881 5
1550 2869 1566 2894 ,
1603 2832 1682 2881 12.
1704 2860 1766 2872 —
1790 2834 1843 2887 5)
1864 2835 2141 2883 Postremus
2162 2834 2374 2897 Sttegtiu
2397 2832 2517 2880 facit
2536 2847 2698 2883 asses.

660 2924 790 2973 Sexti
827 2923 1049 2989 Pompeji
1068 2938 1083 2987 3
1130 2921 1261 2971 idem
1289 2958 1305 2985 ,
1349 2922 1443 2971 sub
1487 2921 1760 2971 caesaribus
1803 2923 1906 2972 fere
1946 2923 2171 2977 denarios
2194 2960 2210 2986 ,
2255 2938 2368 2971 raro
2408 2921 2668 2985 quinarios
2684 2958 2706 2987 ,

658 3013 905 3071 sestertios
929 3019 1093 3061 autem
1112 3013 1276 3071 nullos
1297 3028 1400 3067 esse
1424 3027 1587 3061 cusos.
1631 3037 1697 3052 -
1714 3011 1766 3076 4)
1796 3014 2095 3077 Quadratus
2126 3014 2295 3069 lavari
2307 3049 2322 3076 ‚
2345 3013 2466 3067 nor.
2490 3012 2601 3061 Sal.
2629 3011 2653 3059 1
2684 3048 2703 3075 ,

660 3103 694 3150 ὅ
714 3138 730 3165 ,
756 3102 850 3151 137
869 3139 885 3165 ,
907 3103 1088 3151 Juven.
1111 3103 1171 3164 6,
1197 3101 1395 3151 447.-
1414 3102 1466 3166 5)
1492 3103 1599 3157 Liv.
1624 3103 1716 3166 22,
1746 3102 1836 3165 10,
1861 3102 2042 3150 Juven.
2065 3102 2096 3150 ὅ
2115 3138 2131 3164 ,
2157 3102 2272 3151 267.
2293 3130 2355 3139 —
2380 3102 2433 3163 6)
2467 3102 2542 3149 Cf.
2571 3101 2701 3150 Tac.

655 3194 800 3242 Anu.
828 3193 849 3241 1
870 3227 886 3254 ,
913 3193 994 3241 17.
1014 3221 1075 3230 -
1098 3191 1151 3256 7)
1174 3193 1507 3240 memorantur
1527 3193 1676 3240 etium
1691 3229 1706 3253 ,
1729 3197 1780 3239 et.
1801 3208 1859 3239 ex
1874 3192 2168 3253 antiquitate
2191 3197 2454 3256 supersunt
2473 3192 2702 3257 plumbei

661 3281 997 3347 Rornanorum
1020 3279 1160 3327 numi
1177 3294 1194 3343 3
1218 3278 1278 3327 de
1302 3281 1484 3342 quibus
1508 3280 1576 3329 cf.
1601 3281 1764 3330 Plaut.
1791 3282 1906 3331 Cos.
1932 3283 1992 3345 2,
2018 3281 2050 3330 5
2068 3318 2084 3346 ,
2115 3282 2205 3345 40,
2232 3282 2391 3331 Most.
2424 3282 2456 3330 4
2474 3318 2490 3344 ,
2514 3282 2574 3344 2,
2602 3282 2657 3330 11
2680 3317 2700 3344 ,

660 3369 818 3428 Tria.
843 3368 902 3431 4,
927 3368 959 3416 2
977 3405 993 3431 ,
1019 3368 1141 3431 120,
1166 3373 1218 3416 et
1238 3368 1380 3423 Mart.
1411 3370 1502 3434 10,
1532 3369 1627 3433 74,
1650 3370 1709 3433 4,
1734 3378 1936 3419 centum
1955 3371 2176 3419 merebor
2192 3371 2454 3435 plumbeos
2469 3373 2552 3427 die
2573 3378 2698 3424 toto.

653 3460 717 3508 V.
741 3459 943 3522 Pignor.
977 3460 1037 3508 de
1070 3458 1213 3508 Serv.
1237 3474 1289 3522 p.
1315 3457 1429 3507 248.
1466 3460 1710 3509 Monetam
1748 3461 1840 3509 hos
1873 3461 2021 3510 fuisse
2055 3467 2236 3531 negat,
2271 3461 2332 3511 de
2357 3462 2493 3510 vario
2517 3477 2700 3510 eorum

654 3566 747 3609 usu
771 3549 1027 3612 inquirens
1047 3585 1062 3609 ‚
1086 3526 1352 3612 pluresque
1387 3550 1575 3613 speeies
1599 3550 1902 3613 distinguens
1922 3589 1938 3615 ‚
1974 3552 2207 3615 stieglitz.
2235 3579 2292 3588 —
2315 3550 2367 3615 8)
2395 3550 2701 3601 Sestertium

654 3641 839 3687 millies
865 3639 990 3701 (Cic.
1015 3640 1076 3686 ds
1096 3639 1198 3702 Off.
1220 3638 1251 3687 5
1262 3674 1279 3703 ,
1304 3637 1387 3687 24.
1402 3644 1420 3697 )
1432 3675 1450 3704 ,
1485 3639 1845 3704 100,000,000,
1863 3646 2044 3707 septies
2060 3642 2244 3690 millies
2269 3640 2404 3705 (Cic.
2430 3639 2569 3689 Phil.
2599 3640 2698 3721 12,

654 3726 739 3787 ὅ.)
762 3763 778 3790 ,
813 3726 1177 3791 700,000,0005
1218 3726 1294 3775 bis
1331 3734 1380 3775 ee
1401 3730 1551 3776 vicies
1596 3729 1780 3777 millies
1814 3733 2096 3779 sestertium
2119 3731 2268 3788 (Tac.
2295 3729 2437 3777 Hm.
2462 3728 2520 3792 1,
2542 3728 2695 3789 20.),

651 3814 1050 3880 2200,000,0005
1074 3820 1356 3865 sestertium
1381 3819 1798 3882 quadn'nqenn‘es
1820 3822 1999 3869 cer-ario
2023 3820 2227 3868 illatum
2264 3825 2338 3871 est
2368 3819 2520 3877 (Tac.
2543 3820 2695 3874 Arm.

653 3902 717 3961 15
735 3938 749 3963 ,
774 3903 913 3967 51.»
934 3905 1234 3969 40,000,000
1255 3920 1270 3969 5
1295 3907 1347 3954 11
1384 3907 1413 3953 S
1449 3910 1600 3956 vicies
1620 3944 1636 3971 ,
1663 3908 1766 3956 Cic.
1789 3909 1861 3956 ad
1876 3910 1981 3956 Ate.
2021 3907 2081 3970 4,
2114 3908 2175 3969 2,
2201 3909 2259 3956 in
2284 3909 2506 3957 sestertio
2539 3909 2699 3955 sicin

651 3995 671 4049 (
690 3991 813 4056 Nep.
859 3994 965 4041 An.
1007 3993 1069 4041 14
1090 3995 1107 4058 )
1132 4032 1147 4057 ,
1193 3995 1416 4043 2000000
1436 4012 1453 4061 5
1503 3997 1880 4046 Caesar-centies
1917 4000 2139 4046 sestertio
2182 4001 2397 4047 coenam‘t
2433 4001 2452 4058 (
2476 3998 2592 4045 Sen.
2628 3999 2695 4045 do

653 4082 801 4141 clem.
818 4079 934 4148 0.),
960 4082 1235 4141 10000000.
1254 4085 1533 4151 Simplicior
1557 4100 1672 4137 sane
1694 4087 1819 4145 ratio
1841 4088 1969 4147 soret
1985 4124 2002 4154 ‚
2025 4088 2066 4139 si
2098 4087 2376 4149 sestertium
2400 4088 2452 4138 in
2473 4088 2689 4146 summis
