3111 4829
1384 402 1410 487 (
1448 403 1569 471 445
1612 407 1645 485 )

484 619 2502 664 uam-nmm-

1047 833 1332 900 SECTIO
1376 829 1460 903 Π.
1560 834 1816 901 CAPUT
1863 836 1947 902 Π.

798 1076 1000 1121 noum
1029 1077 1110 1121 BT
1162 1075 1525 1120 nomnen
1575 1073 1743 1121 VITAE
1783 1071 2195 1123 coummo.

1237 1248 1759 1297 ψ..

573 1453 723 1518 447.
771 1454 847 1518 In
880 1455 1247 1540 populorum
1275 1465 1384 1520 aut
1408 1454 1726 1519 civitatum
1755 1476 1925 1526 more
1965 1455 2084 1520 alia
2105 1454 2183 1519 ab
2210 1419 2505 1546 institutis

485 1564 777 1650 publicis,
799 1566 930 1646 ¹alia
969 1569 1165 1654 magis
1188 1591 1222 1633 a
1256 1567 1485 1653 privato
1512 1567 1760 1632 arbitrio
1804 1564 2110 1654 pendent:
2138 1567 2242 1631 illa
2266 1566 2331 1629 in
2370 1542 2504 1630 'Ro-

483 1697 812 1744 manorum
847 1682 1312 1769 antiquitatibus
1354 1682 1550 1768 priore
1588 1681 1784 1768 operis
1825 1681 2013 1745 nostri
2041 1679 2304 1747 sectione
2338 1700 2503 1745 con-

484 1793 799 1880 tinemut,
846 1795 1014 1880 haec,
1047 1798 1308 1863 arctiore
1343 1797 1780 1862 vocabulorum
1817 1795 2298 1883 significatione,
2346 1783 2503 1860 con-

481 1909 776 1995 suetudo,
818 1897 1053 1996 mores,
1096 1934 1243 1976 usus
1280 1922 1521 1996 vocata3
1563 1933 1701 1998 quae
1741 1924 1904 1994 1108,
1935 1909 2220 1995 deinceps
2270 1908 2501 1974 cursim

482 2023 849 2109 exposituri,
900 2023 979 2088 ad
1025 2037 1254 2108 vestes,
1306 2014 1554 2107 domos,
1602 2024 1801 2090 victus
1850 2034 1910 2089 et
1953 2023 2090 2088 vitae
2131 2013 2499 2109 quotidianae

482 2134 817 2217 rationem,
858 2135 1062 2219 lusus,
1105 2136 1416 2201 connubia
1460 2145 1519 2200 et
1551 2133 1803 2199 divortia
1824 2182 1841 2216 ,
1874 2134 2207 2199 liberorum
2238 2134 2500 2197 institusse

481 2246 715 2311 tionem
736 2294 755 2329 ,
792 2246 1046 2331 funera,
1088 2247 1340 2313 nomina
1382 2258 1444 2313 et
1484 2258 1697 2335 gentes
1718 2296 1737 2331 ,
1780 2268 2091 2312 servorum
2133 2247 2393 2312 familias
2436 2257 2499 2310 et

479 2359 739 2427 munera
769 2360 1111 2427 referimus.

1373 2552 1612 2595 vasus.

568 2690 721 2756 448.
767 2690 981 2759 Vestes
1018 2690 1088 2754 in
1128 2668 1290 2757 casta
1333 2703 1396 2756 et
1435 2690 1635 2757 sobria
1661 2692 1863 2758 Roma
1903 2712 2116 2779 paucae
2138 2739 2157 2774 ,
2185 2702 2258 2758 ut
2296 2692 2496 2759 victus

474 2824 833 2891 moresque,
879 2804 1216 2891 simplices,
1256 2804 1546 2888 materia,
1571 2806 1809 2889 colore,
1848 2817 2102 2888 ornatu3
2127 2816 2188 2870 et
2215 2806 2351 2870 miti
2381 2806 2496 2871 sub

476 2920 633 2982 ooelo
676 2920 878 2985 minor
927 2920 1170 3007 frigoris
1209 2918 1460 2984 arcendi
1506 2941 1674 2984 cura.
1723 2919 1922 3005 Igitur
1970 2920 2311 3007 antiquitus
2354 2918 2497 2987 duae

478 3053 689 3120 eaeque
709 3032 903 3096 laneae
923 3080 942 3117 ,
970 3032 1292 3119 utriusque
1314 3054 1487 3096 sexus
1512 3042 1963 3114 memorantur,
1992 3032 2200 3120 tunica
2226 3042 2287 3096 et
2314 3043 2452 3118 toga
2476 3055 2497 3119 3

476 3156 611 3233 post
629 3143 773 3208 viris
807 3142 1096 3230 propriae,
1115 3143 1202 3209 ita
1225 3132 1430 3208 tamen
1451 3191 1469 3228 ,
1492 3154 1565 3209 ut
1583 3193 1603 3229 ,
1631 3144 1873 3210 labente
1893 3144 2025 3230 jam
2053 3124 2298 3210 morum
2322 3167 2499 3210 seve-

473 3259 691 3342 ritate,
733 3279 770 3323 e
816 3258 1154 3325 mulierum
1199 3257 1418 3324 habitu
1454 3259 1652 3325 multa
1697 3257 1777 3323 ad
1808 3259 2047 3323 virilem
2087 3257 2498 3323 traherentur.

473 3372 681 3438 Lineae
712 3382 903 3437 vestes
921 3420 940 3456 ,
967 3371 1404 3460 antiquissimae
1439 3372 1605 3458 apud
1638 3373 1955 3463 AEgyptios
1984 3372 2264 3460 Asiaeque
2284 3394 2499 3458 popu-

474 3491 566 3554 los
584 3537 603 3572 ,
648 3497 832 3575 atque
858 3484 1009 3550 hinc
1052 3496 1291 3552 mature
1321 3509 1358 3551 a
1397 3485 1626 3556 Graecis
1668 3496 1961 3551 mutuatae
1980 3535 1997 3570 ‚
2027 3489 2240 3550 Romae
2267 3485 2347 3549 ab
2377 3500 2499 3550 ex—

469 3612 668 3667 trema
697 3598 951 3669 demum
983 3598 1261 3667 libertato
1288 3599 1638 3687 frequentes
1657 3599 1887 3689 ,2antea
1928 3596 2336 3664 sacerdotibus
2369 3598 2499 3661 sero

471 3714 700 3780 relictae
731 3712 1016 3779 videntur
1048 3708 1132 3800 1).
1168 3712 1306 3777 Lini
1334 3711 1647 3780 nobilioris
1674 3761 1693 3797 ,
1722 3713 1998 3800 quamvis
2034 3710 2112 3776 de
2142 3710 2312 3777 omni
2340 3731 2502 3798 quo-

476 3848 603 3914 que
639 3838 1035 3918 usurpatum,
1068 3826 1352 3892 carbasus
1376 3823 1483 3915 2),
1510 3825 1678 3892 unde
1700 3825 2018 3891 carbaseus
2036 3874 2053 3909 ‚
2076 3824 2459 3891 carbasineus
2475 3872 2497 3907 ,

474 3941 787 4008 carbasina
812 3991 831 4026 ,
879 3941 1192 4009 carbasina
1221 3943 1354 4007 vela
1402 3937 1471 4029 3)
1491 3990 1510 4026 ,
1558 3941 1804 4007 carbasa
1833 3941 2121 4024 navium3
2176 3939 2493 4005 nobilioris

480 4055 664 4125 etiam
725 4054 975 4144 byssus,
1023 4052 1219 4147 ρίτης
1245 4102 1264 4143 ,
1286 4065 1348 4124 et
1376 4054 1593 4123 sindon
1615 4103 1635 4143 ,
1677 4053 1901 4149 '⁹⁶:⁰⁸⁹’
1940 4053 2177 4143 reri-'rw
2228 4054 2332 4125 sed
2393 4074 2499 4122 08⁵
