3111 4829
1346 376 1373 457 (
1415 372 1496 435 79
1540 376 1566 456 )

440 503 793 573 venditione
834 525 1046 571 rerum
1089 503 1365 591 mancipi
1394 504 1519 570 sive
1551 504 2006 591 mancipatione
2029 554 2047 589 ,
2090 505 2157 570 in
2191 508 2469 572 emanci-

440 621 707 707 pationis
745 618 1149 685 vetustissimo
1195 619 1321 683 ritu
1362 609 1726 685 occurrente
1747 668 1766 705 ,
1817 642 2006 707 quem
2045 642 2116 686 ex
2156 623 2470 688 Heineccii

442 733 645 799 verbis
680 730 745 821 1)
786 731 1152 820 compendio
1184 732 1272 798 sic
1299 732 1720 819 proponimus.
1767 733 1945 797 Pater
1973 733 2177 799 filium
2197 783 2215 818 ,
2250 735 2366 826 (ut
2394 736 2473 803 de

440 847 538 914 his
566 847 875 933 dicamus,
905 868 1046 935 quae
1077 847 1334 913 omnino
1369 846 1447 917 de
1478 845 1908 932 emancipante
1937 859 1999 912 et
2027 850 2473 935 emancipando

444 959 774 1050 dicenda,)
810 984 1018 1027 coram
1047 962 1407 1050 magistratu
1424 1011 1442 1047 ,
1482 960 1649 1048 apud
1688 982 1878 1048 quem
1906 961 2061 1048 legis
2091 963 2249 1029 actio
2282 977 2435 1029 esset
2454 1015 2474 1051 ,

445 1077 846 1163 praesentibus
871 1077 1127 1142 testibus
1163 1076 1441 1165 quinque
1479 1075 1818 1162 puberibus
1858 1075 2095 1141 civibus
2133 1078 2435 1144 Romanis
2455 1128 2475 1164 ,

444 1212 562 1256 nec
595 1212 720 1256 non
766 1189 1115 1278 libripende
1152 1201 1214 1255 et
1252 1199 1549 1257 antestato
1584 1185 1687 1276 2),
1730 1188 2018 1274 cuidam,
2058 1190 2314 1278 insuper
2351 1192 2477 1257 ad—

445 1306 666 1389 stanti,
716 1305 1058 1389 vendebat,
1105 1306 1254 1393 qui,
1309 1305 1607 1393 quoniam
1660 1303 1796 1389 ejus
1846 1304 2094 1371 fiduciae
2155 1306 2278 1373 sive
2329 1307 2477 1374 fidei

447 1418 929 1505 emancipandus
953 1415 1322 1484 credebatur
1341 1468 1360 1503 ,
1399 1418 1549 1483 hinc
1579 1417 1962 1503 potissimum
2000 1431 2171 1505 pater
2200 1420 2476 1489 fiducia-

449 1533 581 1601 rius
609 1532 955 1619 adpellatur
971 1582 990 1617 ,
1019 1542 1314 1597 caeterum
1343 1554 1491 1596 cum
1520 1542 1815 1596 antestato
1838 1580 1856 1615 ,
1885 1542 1957 1595 ut
1981 1544 2195 1598 monet
2220 1536 2481 1629 Heinec-

450 1645 585 1711 eius
611 1695 629 1731 ,
679 1668 807 1711 non
866 1645 1366 1713 confundendum.
1429 1645 1594 1711 Huic
1641 1646 1835 1732 igitur
1883 1626 2278 1734 mancipans
2310 1662 2481 1736 pater

334 1826 344 1853 ,
449 1761 934 1847 pronunciabat:
968 1764 1273 1847 mancipo.
1303 1761 1427 1826 tibi
1454 1761 1630 1825 hune
1665 1761 1890 1848 filium
1910 1808 1937 1838 ,
1974 1767 2094 1851 qui
2135 1788 2318 1831 meus
2359 1780 2476 1833 eet.

450 1876 563 1940 Ille
591 1873 1037 1961 respondebat:
1073 1874 1252 1938 lumo
1293 1896 1406 1963 eqo
1440 1875 1773 1939 ‘hominem
1812 1898 1894 1939 ex
1918 1878 2073 1963 jure
2107 1877 2482 1966 Quiritium

451 2012 664 2055 meum
723 2014 858 2057 eece
912 1992 1025 2077 ajo
1045 2036 1072 2067 ,
1122 1993 1308 2078 isque
1358 1989 1532 2057 milas·
1590 2001 1799 2054 emtus
1860 2002 1960 2055 eat
2008 1991 2126 2055 hoc
2163 2002 2305 2056 *oere
2353 1994 2482 2060 liae

452 2127 761 2192 oeneaque
823 2103 1002 2169 libra
1035 2149 1061 2178 ,
1121 2102 1307 2167 simul
1362 2104 1712 2167 sestertium
1770 2125 2039 2169 numum
2082 2153 2099 2187 ,
2161 2127 2440 2190 percussa
2465 2157 2482 2191 ,

451 2240 640 2305 quam
683 2217 980 2303 lipripens
1015 2215 1298 2297 tenebat,
1337 2215 1493 2280 libra
1520 2264 1538 2297 ,
1578 2237 1717 2279 vero
1749 2217 1958 2302 patri,
2002 2227 2298 2304 tanquam
2332 2223 2481 2286 emti
2575 2210 2580 2213 ⁸

435 2334 565 2399 filii
608 2333 876 2421 pretium
921 2330 1139 2413 dabat,
1176 2352 1364 2417 quem
1407 2327 1634 2399 deinde
1664 2326 1743 2418 3)
1785 2328 2053 2397 vindicta
2081 2352 2272 2398 manu
2319 2336 2480 2399 mit.-

451 2447 640 2513 tebat.
687 2445 998 2529 Quoniam
1027 2455 1236 2510 autem
1275 2443 1441 2508 filius
1464 2443 1718 2527 nonnisi
1756 2453 1849 2506 ter
1871 2446 2262 2531 mancipatus
2294 2452 2480 2535 patris

454 2571 750 2649 potestate
779 2559 1159 2628 eximebatur
1186 2553 1262 2645 4)
1280 2604 1298 2640 ‚
1326 2555 1545 2628 eodem
1577 2556 1673 2620 vel
1706 2557 1829 2620 aiio
1865 2555 1966 2621 die
1997 2560 2377 2651 testibusque
2408 2562 2477 2653 5)

452 2677 715 2759 iterum,
746 2686 837 2758 et,
865 2674 1276 2739 manumissus
1304 2694 1341 2762 a
1373 2682 1542 2757 patre
1578 2670 1930 2755 fiduciario,
1968 2673 2220 2740 tertium
2250 2663 2485 2744 manciss

456 2790 755 2876 pabatur3
794 2788 1052 2876 jamque
1077 2767 1268 2872 patris
1303 2784 1586 2871 potestati
1617 2796 1922 2869 exemtus,
1952 2786 2004 2850 si
2041 2810 2077 2852 a
2112 2800 2282 2875 patre
2316 2790 2488 2857 fidu-

461 2902 649 2969 ciario
708 2899 1122 2966 manumissus
1185 2908 1380 2981 esset,
1437 2895 1709 2961 eundem
1779 2908 2108 2983 patronum
2177 2899 2489 2969 habuisset

462 3015 559 3107 (§.
594 3011 781 3102 64.);
811 3012 978 3101 quod
1013 3035 1095 3077 ne
1131 3012 1347 3095 fieret,
1386 3021 1558 3096 pater
1582 3058 1601 3093 ,
1639 3009 1890 3078 tertium
1922 3011 2281 3097 mancipans
2309 3013 2488 3079 fidu-

463 3129 652 3194 ciario
691 3126 1073 3210 declarabat,
1119 3147 1183 3190 se
1230 3147 1302 3189 ea
1338 3122 1694 3196 conditione
1735 3120 1939 3194 filium
1988 3124 2342 3220 mancipare
2363 3175 2381 3210 ,
2417 3139 2490 3191 ut

467 3242 583 3307 sibi
645 3263 789 3308 eum
840 3239 1293 3325 remanciparet
1347 3234 1438 3326 6).
1491 3235 2014 3322 Remancipatum
2070 3237 2262 3325 igitur
2319 3252 2490 3327 pater

464 3354 733 3424 vindicta
773 3366 843 3426 ut
882 3374 1127 3418 servum
1173 3349 1661 3433 manumittens,
1702 3359 2058 3434 patronatus
2096 3354 2164 3414 in
2205 3375 2353 3432 eum
2385 3377 2491 3438 Jus

466 3469 763 3536 servabat.
798 3467 1007 3532 Potuit
1044 3477 1251 3530 tamen
1294 3485 1422 3528 non
1450 3451 1586 3528 ‘una
1622 3485 1808 3529 causa
1842 3462 2119 3528 accidere
2140 3512 2158 3547 ,
2195 3477 2295 3549 ut,
2335 3468 2492 3552 patri

469 3607 596 3649 non
630 3579 1034 3668 remancipati
1062 3629 1079 3661 ,
1115 3579 1239 3652 site
1278 3577 1393 3642 filii
1433 3578 1572 3641 sivae
1615 3576 1794 3659 filiae,
1826 3599 1864 3641 a
1903 3575 2224 3642 fiduciario
2265 3601 2492 3647 manu-

471 3699 862 3768 mitterentur
900 3694 993 3786 7).
1041 3695 1193 3759 Filia
1232 3704 1295 3758 et
1334 3714 1522 3779 nepos
1563 3714 1690 3756 una
1729 3691 2180 3777 mancipatione
2218 3716 2255 3758 e
2308 3698 2492 3782 patris

469 3822 763 3898 potestate
801 3810 1082 3892 exibant3
1128 3818 1422 3876 caeterum
1467 3827 1504 3869 a
1558 3802 1920 3886 fiduciario,
1966 3815 2037 3868 ut
2085 3804 2284 3893 filius,
2336 3811 2492 3895 patri

469 3926 915 4014 remancipati‚
953 3926 1034 3993 ab
1070 3923 1188 3990 hoc
1229 3921 1844 3989 manumittebantur.
1891 3921 2067 4020 Pater
2116 3927 2491 4014 emancipari

472 4052 708 4128 potest,
730 4041 884 4132 quin
913 4039 1118 4126 filius,
1147 4038 1352 4123 filius,
1389 4037 1543 4125 quin
1575 4046 1746 4124 pater
1777 4036 2204 4124 emancipetur
2236 4036 2324 4126 8).
2360 4040 2490 4105 Sub
