<?xml version="1.0" encoding="UTF-8"?>
<!DOCTYPE html PUBLIC "-//W3C//DTD XHTML 1.0 Transitional//EN"
    "http://www.w3.org/TR/xhtml1/DTD/xhtml1-transitional.dtd">
<html xmlns="http://www.w3.org/1999/xhtml" xml:lang="en" lang="en">
 <head>
  <title>
</title>
<meta http-equiv="Content-Type" content="text/html;charset=utf-8" />
  <meta name='ocr-system' content='tesseract 3.04.00' />
  <meta name='ocr-capabilities' content='ocr_page ocr_carea ocr_par ocr_line ocrx_word'/>
</head>
<body>
  <div class='ocr_page' id='page_1' title='image "./antiquitatesrom00dirkgoog_0496.png"; bbox 0 0 3111 4829; ppageno 0'>
   <div class='ocr_carea' id='block_1_1' title="bbox 952 367 1988 714">
    <p class='ocr_par' dir='ltr' id='par_1_1' title="bbox 952 367 1988 714">
     <span class='ocr_line' id='line_1_1' title="bbox 1348 367 1602 471; baseline -0.008 0"><span class='ocrx_word' id='word_1_1' title='bbox 1348 387 1375 471; x_wconf 89' lang='lat'><strong>(</strong></span> <span class='ocrx_word' id='word_1_2' title='bbox 1414 367 1535 448; x_wconf 73' lang='lat'><strong>&#39;429</strong></span> <span class='ocrx_word' id='word_1_3' title='bbox 1575 385 1602 469; x_wconf 88' lang='lat'>)</span> 
     </span>
     <span class='ocr_line' id='line_1_2' title="bbox 952 665 1988 714; baseline 0.001 -2"><span class='ocrx_word' id='word_1_4' title='bbox 952 668 1192 714; x_wconf 65' lang='lat' dir='ltr'><strong>Annum</strong></span> <span class='ocrx_word' id='word_1_5' title='bbox 1235 667 1394 712; x_wconf 71' lang='lat' dir='ltr'><strong>uun</strong></span> <span class='ocrx_word' id='word_1_6' title='bbox 1436 665 1730 713; x_wconf 64' lang='lat' dir='ltr'><strong>nonnos</strong></span> <span class='ocrx_word' id='word_1_7' title='bbox 1773 667 1988 713; x_wconf 68' lang='lat' dir='ltr'><strong>uno.</strong></span> 
     </span>
    </p>
   </div>
   <div class='ocr_carea' id='block_1_2' title="bbox 430 875 2478 4161">
    <p class='ocr_par' dir='ltr' id='par_1_2' title="bbox 430 875 2478 4161">
     <span class='ocr_line' id='line_1_3' title="bbox 559 875 2476 971; baseline 0.001 -22"><span class='ocrx_word' id='word_1_8' title='bbox 559 887 706 950; x_wconf 85' lang='lat'><strong>430.</strong></span> <span class='ocrx_word' id='word_1_9' title='bbox 755 882 1106 970; x_wconf 86' lang='lat' dir='ltr'><strong>Disciplinis</strong></span> <span class='ocrx_word' id='word_1_10' title='bbox 1162 885 1466 971; x_wconf 84' lang='lat' dir='ltr'><strong>plerisque</strong></span> <span class='ocrx_word' id='word_1_11' title='bbox 1530 884 1849 948; x_wconf 84' lang='lat' dir='ltr'><strong>inferiores</strong></span> <span class='ocrx_word' id='word_1_12' title='bbox 1916 875 2141 949; x_wconf 80' lang='lat' dir='ltr'><strong>Graecis</strong></span> <span class='ocrx_word' id='word_1_13' title='bbox 2208 884 2476 950; x_wconf 84' lang='lat' dir='ltr'><strong>Romani</strong></span> 
     </span>
     <span class='ocr_line' id='line_1_4' title="bbox 461 995 2478 1087; baseline -0.001 -23"><span class='ocrx_word' id='word_1_14' title='bbox 461 995 560 1087; x_wconf 83' lang='lat'><strong>(§.</strong></span> <span class='ocrx_word' id='word_1_15' title='bbox 592 995 778 1086; x_wconf 80' lang='lat'>417.)</span> <span class='ocrx_word' id='word_1_16' title='bbox 801 1047 818 1083; x_wconf 86' lang='lat'>,</span> <span class='ocrx_word' id='word_1_17' title='bbox 842 999 1112 1082; x_wconf 82' lang='lat' dir='ltr'><strong>artium,</strong></span> <span class='ocrx_word' id='word_1_18' title='bbox 1136 1022 1287 1085; x_wconf 84' lang='lat' dir='ltr'><strong>quas</strong></span> <span class='ocrx_word' id='word_1_19' title='bbox 1311 1001 1568 1065; x_wconf 79' lang='lat' dir='ltr'>arctiore</span> <span class='ocrx_word' id='word_1_20' title='bbox 1596 1001 1756 1065; x_wconf 78' lang='lat' dir='ltr'><strong>vocis</strong></span> <span class='ocrx_word' id='word_1_21' title='bbox 1787 1022 1966 1064; x_wconf 89' lang='lat' dir='ltr'><strong>sensu</strong></span> <span class='ocrx_word' id='word_1_22' title='bbox 1995 1021 2276 1064; x_wconf 83' lang='lat' dir='ltr'><strong>vocamus</strong></span> <span class='ocrx_word' id='word_1_23' title='bbox 2303 1047 2320 1081; x_wconf 85' lang='lat'>‚</span> <span class='ocrx_word' id='word_1_24' title='bbox 2337 997 2478 1062; x_wconf 90' lang='lat' dir='ltr'><strong>diu-</strong></span> 
     </span>
     <span class='ocr_line' id='line_1_5' title="bbox 454 1107 2474 1197; baseline 0 -23"><span class='ocrx_word' id='word_1_25' title='bbox 454 1109 585 1174; x_wconf 83' lang='lat' dir='ltr'><strong>tius</strong></span> <span class='ocrx_word' id='word_1_26' title='bbox 620 1111 803 1175; x_wconf 85' lang='lat' dir='ltr'><strong>etiam</strong></span> <span class='ocrx_word' id='word_1_27' title='bbox 844 1133 1030 1197; x_wconf 88' lang='lat' dir='ltr'><strong>quam</strong></span> <span class='ocrx_word' id='word_1_28' title='bbox 1079 1110 1416 1175; x_wconf 80' lang='lat' dir='ltr'><strong>litterarum</strong></span> <span class='ocrx_word' id='word_1_29' title='bbox 1463 1109 1645 1174; x_wconf 88' lang='lat' dir='ltr'><strong>rudes</strong></span> <span class='ocrx_word' id='word_1_30' title='bbox 1682 1112 2083 1175; x_wconf 73' lang='lat' dir='ltr'><strong>inveniuntur</strong></span> <span class='ocrx_word' id='word_1_31' title='bbox 2133 1107 2216 1197; x_wconf 92' lang='lat'><strong>1).</strong></span> <span class='ocrx_word' id='word_1_32' title='bbox 2259 1110 2474 1197; x_wconf 80' lang='lat' dir='ltr'><strong>Neque</strong></span> 
     </span>
     <span class='ocr_line' id='line_1_6' title="bbox 455 1224 2475 1316; baseline 0 -28"><span class='ocrx_word' id='word_1_33' title='bbox 455 1234 667 1290; x_wconf 84' lang='lat' dir='ltr'><strong>tamen</strong></span> <span class='ocrx_word' id='word_1_34' title='bbox 686 1235 800 1292; x_wconf 84' lang='lat' dir='ltr'><strong>aut</strong></span> <span class='ocrx_word' id='word_1_35' title='bbox 831 1225 1285 1308; x_wconf 77' lang='lat' dir='ltr'><strong>architecturae,</strong></span> <span class='ocrx_word' id='word_1_36' title='bbox 1312 1225 1416 1316; x_wconf 89' lang='lat' dir='ltr'><strong>(in</strong></span> <span class='ocrx_word' id='word_1_37' title='bbox 1443 1225 1672 1311; x_wconf 87' lang='lat' dir='ltr'><strong>quibus</strong></span> <span class='ocrx_word' id='word_1_38' title='bbox 1709 1225 2069 1309; x_wconf 78' lang='lat' dir='ltr'><strong>Capitolium</strong></span> <span class='ocrx_word' id='word_1_39' title='bbox 2096 1272 2113 1307; x_wconf 85' lang='lat'><strong>,</strong></span> <span class='ocrx_word' id='word_1_40' title='bbox 2141 1224 2475 1310; x_wconf 79' lang='lat' dir='ltr'><strong>aqnaeduc-</strong></span> 
     </span>
     <span class='ocr_line' id='line_1_7' title="bbox 451 1335 2476 1426; baseline -0 -22"><span class='ocrx_word' id='word_1_41' title='bbox 451 1351 558 1404; x_wconf 86' lang='lat' dir='ltr'><strong>tus</strong></span> <span class='ocrx_word' id='word_1_42' title='bbox 576 1388 594 1422; x_wconf 87' lang='lat'>‚</span> <span class='ocrx_word' id='word_1_43' title='bbox 636 1351 749 1406; x_wconf 87' lang='lat' dir='ltr'><strong>etc.</strong></span> <span class='ocrx_word' id='word_1_44' title='bbox 770 1335 827 1426; x_wconf 89' lang='lat'><strong>,)</strong></span> <span class='ocrx_word' id='word_1_45' title='bbox 868 1351 975 1404; x_wconf 85' lang='lat' dir='ltr'><strong>aut</strong></span> <span class='ocrx_word' id='word_1_46' title='bbox 1000 1341 1272 1425; x_wconf 77' lang='lat' dir='ltr'><strong>plastices</strong></span> <span class='ocrx_word' id='word_1_47' title='bbox 1301 1362 1480 1425; x_wconf 84' lang='lat' dir='ltr'><strong>opera</strong></span> <span class='ocrx_word' id='word_1_48' title='bbox 1506 1339 1601 1404; x_wconf 83' lang='lat' dir='ltr'><strong>vel</strong></span> <span class='ocrx_word' id='word_1_49' title='bbox 1632 1338 1746 1403; x_wconf 86' lang='lat' dir='ltr'><strong>sub</strong></span> <span class='ocrx_word' id='word_1_50' title='bbox 1771 1339 2047 1424; x_wconf 81' lang='lat' dir='ltr'><strong>Regibus</strong></span> <span class='ocrx_word' id='word_1_51' title='bbox 2077 1340 2346 1424; x_wconf 81' lang='lat' dir='ltr'><strong>primove</strong></span> <span class='ocrx_word' id='word_1_52' title='bbox 2380 1340 2476 1403; x_wconf 74' lang='lat' dir='ltr'><strong>ti-</strong></span> 
     </span>
     <span class='ocr_line' id='line_1_8' title="bbox 454 1451 2472 1540; baseline 0 -23"><span class='ocrx_word' id='word_1_53' title='bbox 454 1453 706 1517; x_wconf 71' lang='lat' dir='ltr'><strong>bet-tatis</strong></span> <span class='ocrx_word' id='word_1_54' title='bbox 756 1463 1038 1536; x_wconf 80' lang='lat' dir='ltr'><strong>tempore</strong></span> <span class='ocrx_word' id='word_1_55' title='bbox 1092 1451 1484 1518; x_wconf 86' lang='lat' dir='ltr'><strong>memoranda</strong></span> <span class='ocrx_word' id='word_1_56' title='bbox 1532 1451 1783 1519; x_wconf 76' lang='lat' dir='ltr'>defuere</span> <span class='ocrx_word' id='word_1_57' title='bbox 1808 1500 1825 1534; x_wconf 90' lang='lat'>‚</span> <span class='ocrx_word' id='word_1_58' title='bbox 1878 1463 1939 1515; x_wconf 85' lang='lat' dir='ltr'><strong>et</strong></span> <span class='ocrx_word' id='word_1_59' title='bbox 1992 1454 2266 1540; x_wconf 81' lang='lat' dir='ltr'><strong>egregios</strong></span> <span class='ocrx_word' id='word_1_60' title='bbox 2317 1454 2472 1519; x_wconf 83' lang='lat' dir='ltr'><strong>viros</strong></span> 
     </span>
     <span class='ocr_line' id='line_1_9' title="bbox 457 1565 2470 1652; baseline 0 -21"><span class='ocrx_word' id='word_1_61' title='bbox 457 1566 676 1632; x_wconf 75' lang='lat' dir='ltr'><strong>statuis</strong></span> <span class='ocrx_word' id='word_1_62' title='bbox 696 1565 1019 1634; x_wconf 84' lang='lat' dir='ltr'><strong>honoratos</strong></span> <span class='ocrx_word' id='word_1_63' title='bbox 1037 1566 1398 1651; x_wconf 81' lang='lat' dir='ltr'><strong>accipimus3</strong></span> <span class='ocrx_word' id='word_1_64' title='bbox 1422 1587 1667 1649; x_wconf 82' lang='lat' dir='ltr'><strong>verum,</strong></span> <span class='ocrx_word' id='word_1_65' title='bbox 1694 1576 1763 1630; x_wconf 87' lang='lat' dir='ltr'><strong>ut</strong></span> <span class='ocrx_word' id='word_1_66' title='bbox 1786 1565 2107 1650; x_wconf 86' lang='lat' dir='ltr'><strong>posteriore</strong></span> <span class='ocrx_word' id='word_1_67' title='bbox 2126 1614 2146 1649; x_wconf 87' lang='lat'>‚</span> <span class='ocrx_word' id='word_1_68' title='bbox 2171 1567 2262 1631; x_wconf 84' lang='lat' dir='ltr'><strong>sio</strong></span> <span class='ocrx_word' id='word_1_69' title='bbox 2277 1567 2470 1652; x_wconf 76' lang='lat' dir='ltr'><strong>magis</strong></span> 
     </span>
     <span class='ocr_line' id='line_1_10' title="bbox 458 1678 2465 1764; baseline -0.002 -18"><span class='ocrx_word' id='word_1_70' title='bbox 458 1682 563 1746; x_wconf 78' lang='lat' dir='ltr'><strong>illa</strong></span> <span class='ocrx_word' id='word_1_71' title='bbox 583 1692 756 1747; x_wconf 77' lang='lat' dir='ltr'><strong>aetate</strong></span> <span class='ocrx_word' id='word_1_72' title='bbox 780 1681 858 1752; x_wconf 84' lang='lat' dir='ltr'><strong>ab</strong></span> <span class='ocrx_word' id='word_1_73' title='bbox 886 1680 1100 1746; x_wconf 82' lang='lat' dir='ltr'><strong>exteris</strong></span> <span class='ocrx_word' id='word_1_74' title='bbox 1118 1728 1135 1762; x_wconf 93' lang='lat'><strong>,</strong></span> <span class='ocrx_word' id='word_1_75' title='bbox 1157 1680 1425 1746; x_wconf 80' lang='lat' dir='ltr'><strong>Etruscis</strong></span> <span class='ocrx_word' id='word_1_76' title='bbox 1444 1678 1779 1764; x_wconf 67' lang='lat' dir='ltr'><strong>presertim</strong></span> <span class='ocrx_word' id='word_1_77' title='bbox 1816 1689 1876 1743; x_wconf 84' lang='lat' dir='ltr'><strong>et</strong></span> <span class='ocrx_word' id='word_1_78' title='bbox 1911 1678 2233 1764; x_wconf 80' lang='lat' dir='ltr'><strong>Campanis</strong></span> <span class='ocrx_word' id='word_1_79' title='bbox 2261 1682 2465 1762; x_wconf 70' lang='lat' dir='ltr'><strong>,arti-</strong></span> 
     </span>
     <span class='ocr_line' id='line_1_11' title="bbox 448 1793 2467 1882; baseline -0.001 -22"><span class='ocrx_word' id='word_1_80' title='bbox 448 1795 609 1860; x_wconf 79' lang='lat' dir='ltr'><strong>-fices</strong></span> <span class='ocrx_word' id='word_1_81' title='bbox 644 1798 1002 1880; x_wconf 72' lang='lat' dir='ltr'><strong>petiverunt.</strong></span> <span class='ocrx_word' id='word_1_82' title='bbox 1050 1794 1374 1879; x_wconf 80' lang='lat' dir='ltr'><strong>Postquam</strong></span> <span class='ocrx_word' id='word_1_83' title='bbox 1402 1804 1609 1858; x_wconf 87' lang='lat' dir='ltr'><strong>autem</strong></span> <span class='ocrx_word' id='word_1_84' title='bbox 1634 1841 1651 1875; x_wconf 85' lang='lat'>‚</span> <span class='ocrx_word' id='word_1_85' title='bbox 1687 1793 1869 1882; x_wconf 85' lang='lat' dir='ltr'><strong>latius</strong></span> <span class='ocrx_word' id='word_1_86' title='bbox 1892 1803 2133 1877; x_wconf 84' lang='lat' dir='ltr'><strong>patente</strong></span> <span class='ocrx_word' id='word_1_87' title='bbox 2171 1793 2467 1878; x_wconf 84' lang='lat' dir='ltr'><strong>imperio,</strong></span> 
     </span>
     <span class='ocr_line' id='line_1_12' title="bbox 450 1905 2466 1995; baseline -0.001 -23"><span class='ocrx_word' id='word_1_88' title='bbox 450 1910 727 1995; x_wconf 81' lang='lat' dir='ltr'><strong>priscum</strong></span> <span class='ocrx_word' id='word_1_89' title='bbox 757 1930 992 1973; x_wconf 87' lang='lat' dir='ltr'><strong>morem</strong></span> <span class='ocrx_word' id='word_1_90' title='bbox 1021 1918 1154 1971; x_wconf 90' lang='lat' dir='ltr'><strong>tum</strong></span> <span class='ocrx_word' id='word_1_91' title='bbox 1183 1929 1428 1993; x_wconf 88' lang='lat' dir='ltr'><strong>quoque</strong></span> <span class='ocrx_word' id='word_1_92' title='bbox 1452 1917 1752 1970; x_wconf 79' lang='lat' dir='ltr'><strong>servantes</strong></span> <span class='ocrx_word' id='word_1_93' title='bbox 1770 1955 1792 1987; x_wconf 86' lang='lat'>,</span> <span class='ocrx_word' id='word_1_94' title='bbox 1822 1905 2098 1991; x_wconf 85' lang='lat' dir='ltr'><strong>undique</strong></span> <span class='ocrx_word' id='word_1_95' title='bbox 2127 1916 2426 1970; x_wconf 80' lang='lat' dir='ltr'><strong>terrarum</strong></span> <span class='ocrx_word' id='word_1_96' title='bbox 2446 1955 2466 1991; x_wconf 83' lang='lat'><strong><em>,</em></strong></span> 
     </span>
     <span class='ocr_line' id='line_1_13' title="bbox 442 2018 2459 2105; baseline -0.002 -20"><span class='ocrx_word' id='word_1_97' title='bbox 442 2022 560 2085; x_wconf 86' lang='lat' dir='ltr'><strong>-sed</strong></span> <span class='ocrx_word' id='word_1_98' title='bbox 599 2045 633 2086; x_wconf 86' lang='lat' dir='ltr'><strong>a</strong></span> <span class='ocrx_word' id='word_1_99' title='bbox 676 2020 905 2085; x_wconf 80' lang='lat' dir='ltr'><strong>Graecis</strong></span> <span class='ocrx_word' id='word_1_100' title='bbox 940 2019 1245 2104; x_wconf 78' lang='lat' dir='ltr'><strong>praecipue</strong></span> <span class='ocrx_word' id='word_1_101' title='bbox 1266 2067 1283 2101; x_wconf 92' lang='lat'><strong>,</strong></span> <span class='ocrx_word' id='word_1_102' title='bbox 1317 2019 1698 2105; x_wconf 83' lang='lat' dir='ltr'><strong>(Syracusis,</strong></span> <span class='ocrx_word' id='word_1_103' title='bbox 1751 2018 2073 2100; x_wconf 83' lang='lat' dir='ltr'><strong>Corintho,</strong></span> <span class='ocrx_word' id='word_1_104' title='bbox 2095 2040 2131 2083; x_wconf 87' lang='lat' dir='ltr'><strong>a</strong></span> <span class='ocrx_word' id='word_1_105' title='bbox 2162 2018 2459 2084; x_wconf 83' lang='lat' dir='ltr'><strong>Mummio</strong></span> 
     </span>
     <span class='ocr_line' id='line_1_14' title="bbox 444 2127 2461 2219; baseline -0 -23"><span class='ocrx_word' id='word_1_106' title='bbox 444 2134 744 2219; x_wconf 65' lang='lat' dir='ltr'><strong>spoliata,</strong></span> <span class='ocrx_word' id='word_1_107' title='bbox 774 2131 1125 2199; x_wconf 79' lang='lat' dir='ltr'><strong>Macedonia</strong></span> <span class='ocrx_word' id='word_1_108' title='bbox 1162 2129 1257 2218; x_wconf 74' lang='lat'><strong>2),</strong></span> <span class='ocrx_word' id='word_1_109' title='bbox 1276 2142 1390 2197; x_wconf 87' lang='lat' dir='ltr'><strong>etc.</strong></span> <span class='ocrx_word' id='word_1_110' title='bbox 1409 2127 1457 2217; x_wconf 89' lang='lat'><strong>,)</strong></span> <span class='ocrx_word' id='word_1_111' title='bbox 1485 2142 1544 2195; x_wconf 87' lang='lat' dir='ltr'><strong>et</strong></span> <span class='ocrx_word' id='word_1_112' title='bbox 1568 2130 1708 2196; x_wconf 86' lang='lat' dir='ltr'><strong>Asia</strong></span> <span class='ocrx_word' id='word_1_113' title='bbox 1731 2132 2055 2195; x_wconf 85' lang='lat' dir='ltr'><strong>innumera</strong></span> <span class='ocrx_word' id='word_1_114' title='bbox 2078 2131 2304 2196; x_wconf 83' lang='lat' dir='ltr'><strong>artium</strong></span> <span class='ocrx_word' id='word_1_115' title='bbox 2329 2152 2461 2195; x_wconf 85' lang='lat' dir='ltr'><strong>mo-</strong></span> 
     </span>
     <span class='ocr_line' id='line_1_15' title="bbox 455 2244 2459 2330; baseline -0 -19"><span class='ocrx_word' id='word_1_116' title='bbox 455 2253 753 2311; x_wconf 86' lang='lat' dir='ltr'><strong>numenta</strong></span> <span class='ocrx_word' id='word_1_117' title='bbox 775 2293 793 2328; x_wconf 90' lang='lat'><strong>,</strong></span> <span class='ocrx_word' id='word_1_118' title='bbox 816 2246 964 2310; x_wconf 64' lang='lat' dir='ltr'><strong>gsive</strong></span> <span class='ocrx_word' id='word_1_119' title='bbox 998 2245 1176 2327; x_wconf 61' lang='lat' dir='ltr'><strong>„ur-bi,</strong></span> <span class='ocrx_word' id='word_1_120' title='bbox 1218 2244 1376 2325; x_wconf 81' lang='lat' dir='ltr'><strong>sive,</strong></span> <span class='ocrx_word' id='word_1_121' title='bbox 1402 2244 1568 2330; x_wconf 86' lang='lat' dir='ltr'><strong>quod</strong></span> <span class='ocrx_word' id='word_1_122' title='bbox 1598 2246 1789 2308; x_wconf 84' lang='lat' dir='ltr'><strong>serius</strong></span> <span class='ocrx_word' id='word_1_123' title='bbox 1823 2267 1943 2310; x_wconf 84' lang='lat' dir='ltr'><strong>usu</strong></span> <span class='ocrx_word' id='word_1_124' title='bbox 1967 2245 2132 2308; x_wconf 79' lang='lat' dir='ltr'><strong>venit</strong></span> <span class='ocrx_word' id='word_1_125' title='bbox 2159 2292 2176 2326; x_wconf 85' lang='lat'>‚</span> <span class='ocrx_word' id='word_1_126' title='bbox 2218 2244 2459 2328; x_wconf 79' lang='lat' dir='ltr'><strong>privatis</strong></span> 
     </span>
     <span class='ocr_line' id='line_1_16' title="bbox 456 2355 2461 2447; baseline 0 -23"><span class='ocrx_word' id='word_1_127' title='bbox 456 2358 727 2425; x_wconf 62' lang='lat' dir='ltr'><strong>adificiis</strong></span> <span class='ocrx_word' id='word_1_128' title='bbox 753 2358 1045 2445; x_wconf 66' lang='lat' dir='ltr'><strong>villisque</strong></span> <span class='ocrx_word' id='word_1_129' title='bbox 1064 2356 1418 2422; x_wconf 83' lang='lat' dir='ltr'><strong>decorandis</strong></span> <span class='ocrx_word' id='word_1_130' title='bbox 1441 2405 1458 2439; x_wconf 89' lang='lat'>,</span> <span class='ocrx_word' id='word_1_131' title='bbox 1496 2358 1761 2427; x_wconf 81' lang='lat' dir='ltr'><strong>Romam</strong></span> <span class='ocrx_word' id='word_1_132' title='bbox 1792 2360 2154 2426; x_wconf 72' lang='lat' dir='ltr'><strong>transtulere</strong></span> <span class='ocrx_word' id='word_1_133' title='bbox 2181 2355 2292 2447; x_wconf 84' lang='lat'><strong>3),</strong></span> <span class='ocrx_word' id='word_1_134' title='bbox 2328 2359 2461 2425; x_wconf 82' lang='lat' dir='ltr'><strong>vic-</strong></span> 
     </span>
     <span class='ocr_line' id='line_1_17' title="bbox 440 2472 2460 2567; baseline 0 -30"><span class='ocrx_word' id='word_1_135' title='bbox 440 2474 623 2537; x_wconf 77' lang='lat' dir='ltr'><strong>·toriae</strong></span> <span class='ocrx_word' id='word_1_136' title='bbox 671 2473 859 2558; x_wconf 83' lang='lat' dir='ltr'><strong>spolia</strong></span> <span class='ocrx_word' id='word_1_137' title='bbox 880 2482 885 2487; x_wconf 82' lang='lat'>&#39;</span> <span class='ocrx_word' id='word_1_138' title='bbox 910 2475 1100 2559; x_wconf 73' lang='lat' dir='ltr'><strong>vulgo</strong></span> <span class='ocrx_word' id='word_1_139' title='bbox 1124 2482 1605 2541; x_wconf 56' lang='lat' dir='ltr'><strong>maculaverunt</strong></span> <span class='ocrx_word' id='word_1_140' title='bbox 1663 2472 1857 2558; x_wconf 84' lang='lat' dir='ltr'><strong>magis</strong></span> <span class='ocrx_word' id='word_1_141' title='bbox 1883 2473 2226 2567; x_wconf 14' lang='lat' dir='ltr'><strong>*miratique</strong></span> <span class='ocrx_word' id='word_1_142' title='bbox 2277 2485 2460 2558; x_wconf 83' lang='lat' dir='ltr'><strong>sunt,</strong></span> 
     </span>
     <span class='ocr_line' id='line_1_18' title="bbox 452 2584 2461 2674; baseline 0.001 -23"><span class='ocrx_word' id='word_1_143' title='bbox 452 2608 640 2674; x_wconf 87' lang='lat' dir='ltr'><strong>quam</strong></span> <span class='ocrx_word' id='word_1_144' title='bbox 674 2586 788 2672; x_wconf 77' lang='lat' dir='ltr'><strong>ipsi</strong></span> <span class='ocrx_word' id='word_1_145' title='bbox 827 2596 995 2652; x_wconf 81' lang='lat' dir='ltr'><strong>artes</strong></span> <span class='ocrx_word' id='word_1_146' title='bbox 1022 2586 1383 2668; x_wconf 85' lang='lat' dir='ltr'><strong>coluerunt,</strong></span> <span class='ocrx_word' id='word_1_147' title='bbox 1410 2584 1639 2651; x_wconf 79' lang='lat' dir='ltr'><strong>Graecis</strong></span> <span class='ocrx_word' id='word_1_148' title='bbox 1664 2586 1999 2653; x_wconf 80' lang='lat' dir='ltr'><strong>artificibus</strong></span> <span class='ocrx_word' id='word_1_149' title='bbox 2024 2585 2186 2655; x_wconf 83' lang='lat' dir='ltr'><strong>hanc</strong></span> <span class='ocrx_word' id='word_1_150' title='bbox 2211 2588 2461 2654; x_wconf 86' lang='lat' dir='ltr'><strong>laudem</strong></span> 
     </span>
     <span class='ocr_line' id='line_1_19' title="bbox 440 2702 2457 2788; baseline 0.001 -24"><span class='ocrx_word' id='word_1_151' title='bbox 440 2711 583 2765; x_wconf 57' lang='lat' dir='ltr'><strong>tum</strong></span> <span class='ocrx_word' id='word_1_152' title='bbox 628 2723 872 2788; x_wconf 89' lang='lat' dir='ltr'><strong>quoque</strong></span> <span class='ocrx_word' id='word_1_153' title='bbox 912 2702 1323 2787; x_wconf 86' lang='lat' dir='ltr'><strong>relinquentes</strong></span> <span class='ocrx_word' id='word_1_154' title='bbox 1345 2724 1362 2784; x_wconf 81' lang='lat'><em>3</em></span> <span class='ocrx_word' id='word_1_155' title='bbox 1400 2720 1662 2787; x_wconf 82' lang='lat' dir='ltr'><strong>quorum</strong></span> <span class='ocrx_word' id='word_1_156' title='bbox 1709 2722 1932 2786; x_wconf 88' lang='lat' dir='ltr'><strong>magna</strong></span> <span class='ocrx_word' id='word_1_157' title='bbox 1959 2704 2200 2773; x_wconf 68' lang='lat' dir='ltr'><strong>,Romae&#39;</strong></span> <span class='ocrx_word' id='word_1_158' title='bbox 2227 2702 2457 2787; x_wconf 77' lang='lat' dir='ltr'><strong>eopia,</strong></span> 
     </span>
     <span class='ocr_line' id='line_1_20' title="bbox 451 2815 2461 2904; baseline 0 -24"><span class='ocrx_word' id='word_1_159' title='bbox 451 2817 680 2904; x_wconf 84' lang='lat' dir='ltr'><strong>quippe</strong></span> <span class='ocrx_word' id='word_1_160' title='bbox 719 2826 1026 2880; x_wconf 76' lang='lat' dir='ltr'><strong>crescente</strong></span> <span class='ocrx_word' id='word_1_161' title='bbox 1072 2837 1265 2901; x_wconf 81' lang='lat' dir='ltr'><strong>usque</strong></span> <span class='ocrx_word' id='word_1_162' title='bbox 1309 2815 1531 2879; x_wconf 87' lang='lat' dir='ltr'><strong>artium</strong></span> <span class='ocrx_word' id='word_1_163' title='bbox 1566 2817 1687 2878; x_wconf 87' lang='lat' dir='ltr'><strong>sive</strong></span> <span class='ocrx_word' id='word_1_164' title='bbox 1731 2836 1937 2879; x_wconf 89' lang='lat' dir='ltr'><strong>amore</strong></span> <span class='ocrx_word' id='word_1_165' title='bbox 1973 2816 2098 2880; x_wconf 83' lang='lat' dir='ltr'><strong>sive</strong></span> <span class='ocrx_word' id='word_1_166' title='bbox 2122 2816 2461 2900; x_wconf 70' lang='lat' dir='ltr'><strong>jactantia,</strong></span> 
     </span>
     <span class='ocr_line' id='line_1_21' title="bbox 449 2926 2459 3014; baseline 0.002 -23"><span class='ocrx_word' id='word_1_167' title='bbox 449 2948 590 3014; x_wconf 74' lang='lat' dir='ltr'><strong>quoe</strong></span> <span class='ocrx_word' id='word_1_168' title='bbox 631 2928 745 2993; x_wconf 84' lang='lat' dir='ltr'><strong>sub</strong></span> <span class='ocrx_word' id='word_1_169' title='bbox 772 2928 1101 2992; x_wconf 67' lang='lat' dir='ltr'><strong>Caesaribus</strong></span> <span class='ocrx_word' id='word_1_170' title='bbox 1128 2926 1206 2990; x_wconf 91' lang='lat' dir='ltr'><strong>ad</strong></span> <span class='ocrx_word' id='word_1_171' title='bbox 1244 2948 1557 2992; x_wconf 80' lang='lat' dir='ltr'><strong>summurn</strong></span> <span class='ocrx_word' id='word_1_172' title='bbox 1603 2948 1910 3012; x_wconf 81' lang='lat' dir='ltr'><strong>progressa</strong></span> <span class='ocrx_word' id='word_1_173' title='bbox 1954 2927 2244 3010; x_wconf 66' lang='lat' dir='ltr'><strong>luxurias,</strong></span> <span class='ocrx_word' id='word_1_174' title='bbox 2287 2931 2459 3013; x_wconf 72' lang='lat' dir='ltr'><strong>fora,</strong></span> 
     </span>
     <span class='ocr_line' id='line_1_22' title="bbox 450 3037 2457 3129; baseline 0 -24"><span class='ocrx_word' id='word_1_175' title='bbox 450 3040 679 3125; x_wconf 86' lang='lat' dir='ltr'><strong>templa</strong></span> <span class='ocrx_word' id='word_1_176' title='bbox 698 3087 715 3120; x_wconf 91' lang='lat'>‚</span> <span class='ocrx_word' id='word_1_177' title='bbox 747 3038 1010 3123; x_wconf 85' lang='lat' dir='ltr'><strong>porticus</strong></span> <span class='ocrx_word' id='word_1_178' title='bbox 1030 3087 1048 3121; x_wconf 85' lang='lat'>‚</span> <span class='ocrx_word' id='word_1_179' title='bbox 1083 3039 1303 3120; x_wconf 85' lang='lat' dir='ltr'><strong>circos,</strong></span> <span class='ocrx_word' id='word_1_180' title='bbox 1328 3037 1579 3129; x_wconf 19' lang='lat' dir='ltr'><strong>&#39;theatra</strong></span> <span class='ocrx_word' id='word_1_181' title='bbox 1603 3085 1621 3119; x_wconf 88' lang='lat'>‚</span> <span class='ocrx_word' id='word_1_182' title='bbox 1643 3060 1821 3103; x_wconf 86' lang='lat' dir='ltr'><strong>arcus</strong></span> <span class='ocrx_word' id='word_1_183' title='bbox 1866 3041 2074 3104; x_wconf 76' lang='lat' dir='ltr'><strong>statuis</strong></span> <span class='ocrx_word' id='word_1_184' title='bbox 2098 3088 2115 3122; x_wconf 90' lang='lat'>‚</span> <span class='ocrx_word' id='word_1_185' title='bbox 2160 3041 2457 3126; x_wconf 84' lang='lat' dir='ltr'><strong>picturis,</strong></span> 
     </span>
     <span class='ocr_line' id='line_1_23' title="bbox 452 3152 2458 3242; baseline 0.002 -24"><span class='ocrx_word' id='word_1_186' title='bbox 452 3152 882 3242; x_wconf 83' lang='lat' dir='ltr'><strong>pulcherrimis</strong></span> <span class='ocrx_word' id='word_1_187' title='bbox 919 3174 991 3216; x_wconf 86' lang='lat' dir='ltr'><strong>ex</strong></span> <span class='ocrx_word' id='word_1_188' title='bbox 1031 3152 1200 3215; x_wconf 88' lang='lat' dir='ltr'><strong>omni</strong></span> <span class='ocrx_word' id='word_1_189' title='bbox 1237 3173 1459 3237; x_wconf 87' lang='lat' dir='ltr'><strong>genere</strong></span> <span class='ocrx_word' id='word_1_190' title='bbox 1482 3152 2079 3238; x_wconf 69' lang='lat' dir='ltr'><strong>operibusseplevit3</strong></span> <span class='ocrx_word' id='word_1_191' title='bbox 2115 3175 2229 3218; x_wconf 89' lang='lat' dir='ltr'><strong>nec</strong></span> <span class='ocrx_word' id='word_1_192' title='bbox 2253 3156 2458 3222; x_wconf 81' lang='lat' dir='ltr'><strong>minus</strong></span> 
     </span>
     <span class='ocr_line' id='line_1_24' title="bbox 450 3264 2460 3355; baseline -0.002 -21"><span class='ocrx_word' id='word_1_193' title='bbox 450 3269 854 3355; x_wconf 84' lang='lat' dir='ltr'><strong>multiplicata</strong></span> <span class='ocrx_word' id='word_1_194' title='bbox 878 3265 1297 3355; x_wconf 77' lang='lat' dir='ltr'><strong>architecturae</strong></span> <span class='ocrx_word' id='word_1_195' title='bbox 1317 3313 1334 3348; x_wconf 88' lang='lat'><strong>,</strong></span> <span class='ocrx_word' id='word_1_196' title='bbox 1357 3266 1504 3335; x_wconf 87' lang='lat' dir='ltr'><strong>etin</strong></span> <span class='ocrx_word' id='word_1_197' title='bbox 1528 3264 1623 3337; x_wconf 82' lang='lat' dir='ltr'><strong>his</strong></span> <span class='ocrx_word' id='word_1_198' title='bbox 1646 3265 1907 3350; x_wconf 87' lang='lat' dir='ltr'><strong>plurima</strong></span> <span class='ocrx_word' id='word_1_199' title='bbox 1928 3264 2241 3337; x_wconf 59' lang='lat' dir='ltr'><strong>immensae</strong></span> <span class='ocrx_word' id='word_1_200' title='bbox 2262 3268 2460 3352; x_wconf 84' lang='lat' dir='ltr'><strong>molis,</strong></span> 
     </span>
     <span class='ocr_line' id='line_1_25' title="bbox 451 3362 2326 3471; baseline -0.002 -21"><span class='ocrx_word' id='word_1_201' title='bbox 451 3405 636 3471; x_wconf 85' lang='lat' dir='ltr'><strong>quam</strong></span> <span class='ocrx_word' id='word_1_202' title='bbox 661 3381 844 3447; x_wconf 86' lang='lat' dir='ltr'><strong>hodie</strong></span> <span class='ocrx_word' id='word_1_203' title='bbox 865 3380 1140 3466; x_wconf 79' lang='lat' dir='ltr'><strong>reliquiae</strong></span> <span class='ocrx_word' id='word_1_204' title='bbox 1171 3391 1464 3446; x_wconf 83' lang='lat' dir='ltr'><strong>testantur</strong></span> <span class='ocrx_word' id='word_1_205' title='bbox 1485 3428 1502 3462; x_wconf 90' lang='lat'><strong>,</strong></span> <span class='ocrx_word' id='word_1_206' title='bbox 1529 3379 1845 3447; x_wconf 81' lang='lat' dir='ltr'><strong>miracula.</strong></span> <span class='ocrx_word' id='word_1_207' title='bbox 2323 3362 2326 3366; x_wconf 19' lang='lat'>¹</span> 
     </span>
     <span class='ocr_line' id='line_1_26' title="bbox 433 3476 2457 3581; baseline -0 -20"><span class='ocrx_word' id='word_1_208' title='bbox 433 3541 437 3545; x_wconf 77' lang='lat'><strong>.</strong></span> <span class='ocrx_word' id='word_1_209' title='bbox 528 3498 709 3562; x_wconf 80' lang='lat' dir='ltr'><strong>Inter</strong></span> <span class='ocrx_word' id='word_1_210' title='bbox 747 3505 904 3559; x_wconf 84' lang='lat' dir='ltr'><strong>artes</strong></span> <span class='ocrx_word' id='word_1_211' title='bbox 942 3504 1148 3558; x_wconf 83' lang='lat' dir='ltr'><strong>autem</strong></span> <span class='ocrx_word' id='word_1_212' title='bbox 1171 3542 1188 3576; x_wconf 85' lang='lat'>‚</span> <span class='ocrx_word' id='word_1_213' title='bbox 1218 3515 1482 3580; x_wconf 83' lang='lat' dir='ltr'><strong>quarum</strong></span> <span class='ocrx_word' id='word_1_214' title='bbox 1513 3516 1585 3557; x_wconf 86' lang='lat' dir='ltr'><strong>ex</strong></span> <span class='ocrx_word' id='word_1_215' title='bbox 1614 3496 1890 3560; x_wconf 83' lang='lat' dir='ltr'><strong>Romana</strong></span> <span class='ocrx_word' id='word_1_216' title='bbox 1923 3495 2281 3581; x_wconf 85' lang='lat' dir='ltr'><strong>antiquitate</strong></span> <span class='ocrx_word' id='word_1_217' title='bbox 2309 3476 2457 3560; x_wconf 85' lang='lat' dir='ltr'><strong>mo·-</strong></span> 
     </span>
     <span class='ocr_line' id='line_1_27' title="bbox 450 3606 2457 3696; baseline -0.001 -19"><span class='ocrx_word' id='word_1_218' title='bbox 450 3622 748 3677; x_wconf 86' lang='lat' dir='ltr'><strong>numenta</strong></span> <span class='ocrx_word' id='word_1_219' title='bbox 774 3619 1093 3696; x_wconf 83' lang='lat' dir='ltr'><strong>superant,</strong></span> <span class='ocrx_word' id='word_1_220' title='bbox 1119 3606 1529 3673; x_wconf 70' lang='lat' dir='ltr'><strong>memorandae</strong></span> <span class='ocrx_word' id='word_1_221' title='bbox 1552 3608 1727 3672; x_wconf 78' lang='lat' dir='ltr'><strong>nobis</strong></span> <span class='ocrx_word' id='word_1_222' title='bbox 1750 3609 2002 3673; x_wconf 76' lang='lat' dir='ltr'><strong>veniunt</strong></span> <span class='ocrx_word' id='word_1_223' title='bbox 2021 3608 2457 3695; x_wconf 80' lang='lat' dir='ltr'><strong>architectura,</strong></span> 
     </span>
     <span class='ocr_line' id='line_1_28' title="bbox 430 3722 2453 3812; baseline -0 -23"><span class='ocrx_word' id='word_1_224' title='bbox 430 3726 685 3812; x_wconf 81' lang='lat' dir='ltr'><strong>&#39;pictura</strong></span> <span class='ocrx_word' id='word_1_225' title='bbox 709 3776 726 3810; x_wconf 92' lang='lat'><strong>,</strong></span> <span class='ocrx_word' id='word_1_226' title='bbox 755 3736 814 3790; x_wconf 87' lang='lat' dir='ltr'><strong>et</strong></span> <span class='ocrx_word' id='word_1_227' title='bbox 846 3725 1128 3811; x_wconf 81' lang='lat' dir='ltr'><strong>plastice,</strong></span> <span class='ocrx_word' id='word_1_228' title='bbox 1157 3723 1367 3788; x_wconf 86' lang='lat' dir='ltr'><strong>latiore</strong></span> <span class='ocrx_word' id='word_1_229' title='bbox 1397 3723 1557 3787; x_wconf 83' lang='lat' dir='ltr'><strong>vocis</strong></span> <span class='ocrx_word' id='word_1_230' title='bbox 1587 3722 1752 3808; x_wconf 85' lang='lat' dir='ltr'><strong>apud</strong></span> <span class='ocrx_word' id='word_1_231' title='bbox 1781 3724 2142 3788; x_wconf 87' lang='lat' dir='ltr'><strong>recentiores</strong></span> <span class='ocrx_word' id='word_1_232' title='bbox 2173 3725 2453 3809; x_wconf 80' lang='lat' dir='ltr'><strong>notione,</strong></span> 
     </span>
     <span class='ocr_line' id='line_1_29' title="bbox 452 3820 2457 3934; baseline 0 -29"><span class='ocrx_word' id='word_1_233' title='bbox 452 3861 572 3934; x_wconf 87' lang='lat' dir='ltr'><strong>qua</strong></span> <span class='ocrx_word' id='word_1_234' title='bbox 623 3842 924 3931; x_wconf 83' lang='lat' dir='ltr'><strong>glypticen</strong></span> <span class='ocrx_word' id='word_1_235' title='bbox 974 3852 1033 3905; x_wconf 87' lang='lat' dir='ltr'><strong>et</strong></span> <span class='ocrx_word' id='word_1_236' title='bbox 1079 3839 1229 3906; x_wconf 89' lang='lat' dir='ltr'><strong>huic</strong></span> <span class='ocrx_word' id='word_1_237' title='bbox 1280 3820 1673 3923; x_wconf 70' lang='lat' dir='ltr'><strong>conjunctam</strong></span> <span class='ocrx_word' id='word_1_238' title='bbox 1722 3840 2175 3905; x_wconf 86' lang='lat' dir='ltr'><strong>numismatices</strong></span> <span class='ocrx_word' id='word_1_239' title='bbox 2223 3851 2457 3926; x_wconf 87' lang='lat' dir='ltr'><strong>partem</strong></span> 
     </span>
     <span class='ocr_line' id='line_1_30' title="bbox 440 3952 2463 4043; baseline 0.002 -25"><span class='ocrx_word' id='word_1_240' title='bbox 440 3976 697 4043; x_wconf 83' lang='lat' dir='ltr'><strong>quoque</strong></span> <span class='ocrx_word' id='word_1_241' title='bbox 742 3958 1183 4043; x_wconf 85' lang='lat' dir='ltr'><strong>complectitur.</strong></span> <span class='ocrx_word' id='word_1_242' title='bbox 1217 3956 1450 4021; x_wconf 78' lang='lat' dir='ltr'><strong>Diversi</strong></span> <span class='ocrx_word' id='word_1_243' title='bbox 1478 3977 1719 4040; x_wconf 86' lang='lat' dir='ltr'><strong>prorsus</strong></span> <span class='ocrx_word' id='word_1_244' title='bbox 1761 3955 1999 4041; x_wconf 87' lang='lat' dir='ltr'><strong>generis</strong></span> <span class='ocrx_word' id='word_1_245' title='bbox 2020 4004 2039 4040; x_wconf 87' lang='lat'>,</span> <span class='ocrx_word' id='word_1_246' title='bbox 2068 3952 2463 4043; x_wconf 65' lang='lat' dir='ltr'><strong>hoo&#39;potissi-</strong></span> 
     </span>
     <span class='ocr_line' id='line_1_31' title="bbox 448 4066 2408 4161; baseline -0.004 -20"><span class='ocrx_word' id='word_1_247' title='bbox 448 4091 626 4141; x_wconf 83' lang='lat' dir='ltr'><strong>mum</strong></span> <span class='ocrx_word' id='word_1_248' title='bbox 655 4069 786 4138; x_wconf 85' lang='lat' dir='ltr'><strong>loco</strong></span> <span class='ocrx_word' id='word_1_249' title='bbox 811 4070 1151 4161; x_wconf 74' lang='lat' dir='ltr'><strong>ponendae,</strong></span> <span class='ocrx_word' id='word_1_250' title='bbox 1181 4066 1415 4141; x_wconf 76' lang='lat' dir='ltr'><strong>mu&#39;sioa</strong></span> <span class='ocrx_word' id='word_1_251' title='bbox 1444 4080 1504 4137; x_wconf 85' lang='lat' dir='ltr'><strong>et</strong></span> <span class='ocrx_word' id='word_1_252' title='bbox 1532 4069 1781 4138; x_wconf 83' lang='lat' dir='ltr'><strong>mimica</strong></span> <span class='ocrx_word' id='word_1_253' title='bbox 1813 4078 1990 4141; x_wconf 71' lang='lat' dir='ltr'><strong>artes.</strong></span> <span class='ocrx_word' id='word_1_254' title='bbox 2221 4088 2226 4100; x_wconf 78' lang='grc'><em>“</em></span> <span class='ocrx_word' id='word_1_255' title='bbox 2395 4078 2408 4133; x_wconf 61' lang='lat'><strong><em>2</em></strong></span> 
     </span>
    </p>
   </div>
  </div>
 </body>
</html>
