3111 4829
1411 413 1438 493 (
1477 411 1599 476 357
1640 423 1662 496 )

519 534 894 622 praeconem,
924 541 1226 626 proposito
1254 539 1452 609 edicto
1470 592 1489 628 ‚
1520 544 1830 633 simulque
1858 547 2048 634 signis
2082 548 2147 612 in
2170 569 2310 613 aree
2338 547 2544 616 subla-

517 648 596 721 tis
643 645 748 736 2),
794 650 1187 734 juventutem
1232 653 1302 717 in
1354 656 1723 741 Capitolium
1772 669 1880 722 aut
1913 659 2217 745 Campum
2257 661 2544 725 Martium

516 774 917 828 convocantes
935 762 1029 853 3);
1049 788 1173 852 quo
1203 767 1573 838 trahendum
1600 791 1828 834 nomen
1853 769 2032 854 dare,
2063 770 2427 858 respondere
2448 769 2538 860 4).

518 874 823 961 Tribuni,
863 878 932 941 in
962 889 1225 966 quatuor
1267 882 1539 969 legiones
1584 884 1787 969 partiti
1811 932 1830 969 ,
1875 907 1913 949 e
1945 886 2111 949 tribu
2151 896 2306 949 sorte
2335 896 2543 950 vocata

514 1001 778 1075 quatuor
798 991 1064 1077 juvenes
1101 1006 1280 1062 oetate
1316 1008 1378 1061 et
1407 996 1624 1062 hebitu
1656 1021 1830 1085 pares
1850 1047 1868 1084 ,
1916 1021 2117 1064 unum
2150 997 2406 1086 siugulis
2434 1000 2541 1064 le-

513 1103 806 1189 gionibus
844 1103 1167 1195 legebant,
1198 1132 1337 1198 quoe
1387 1113 1640 1197 repetita
1668 1112 1735 1177 in
1776 1110 1949 1177 hunc
1977 1110 2229 1177 modum
2277 1112 2538 1177 lectione

511 1219 733 1304 aequali
771 1220 987 1286 robore
1025 1224 1301 1288 numeris
1331 1224 1756 1310 implebantur
1786 1222 1875 1313 5).
1915 1226 1989 1290 In
2019 1226 2234 1311 primis
2262 1223 2536 1312 legendis

508 1330 672 1397 bona
717 1336 969 1399 nomina
1005 1385 1023 1417 ,
1074 1347 1143 1400 ut
1191 1338 1452 1406 Victoris
1492 1386 1510 1421 ‚
1548 1337 1779 1419 salvii,
1824 1338 2143 1422 Prosperi‚
2194 1339 2532 1423 superstitio

508 1447 821 1531 quaerebat
852 1445 941 1535 6).
976 1452 1213 1514 Nomen
1243 1451 1390 1516 dare
1430 1451 1836 1515 detrectantes
1867 1449 2339 1539 (rest-antarii)
2370 1475 2533 1516 con·-

509 1559 715 1623 sulum
763 1560 1023 1646 imperio
1071 1564 1237 1628 varie
1293 1563 1678 1650 cogebantur
1706 1612 1723 1647 ,
1783 1562 2142 1627 verberibus
2162 1612 2180 1647 ,
2237 1565 2529 1655 infamia,

506 1671 718 1758 bonis,
750 1674 1066 1740 interdum
1093 1677 1372 1742 libertate
1398 1677 1643 1742 ademta
1672 1674 1762 1765 7).
1791 1677 2038 1744 Vacatio
2065 1688 2271 1741 tamen
2296 1689 2364 1742 et
2390 1690 2532 1744 aeta·

506 1785 580 1849 tis
608 1797 669 1851 et
699 1785 1009 1853 honorum
1040 1787 1142 1879 8),
1176 1790 1465 1855 beneficii
1494 1791 1679 1856 etiam
1713 1790 1905 1876 gratia
1938 1788 2388 1855 concedebatur
2418 1787 2527 1878 9),

503 1900 641 1998 post
671 1903 933 1986 pecunia
957 1925 1204 1991 quoque
1233 1917 1294 1970 et
1316 1906 1558 1970 vicariis
1586 1906 1925 1990 impe-trata.
1968 1903 2102 1969 Atia
2128 1903 2525 1989 valetudinis,

506 2026 615 2079 aut
642 2015 834 2108 inepti
865 2016 1220 2083 infirmitate
1248 2020 1468 2083 vitiove
1492 2020 1792 2105 corporis,
1817 2018 2130 2084 interdum
2152 2019 2532 2104 voluntario}

505 2130 673 2196 velut
701 2141 980 2198 truncato
1013 2133 1232 2218 pollice
1267 2129 1378 2224 10)
1401 2182 1418 2216 ‚
1463 2154 1587 2219 quo
1625 2142 1847 2215 semet,
1881 2154 1959 2196 ne
1987 2131 2358 2219 militarent,
2391 2133 2524 2218 pri-

503 2227 712 2308 rantes
745 2245 1103 2330 joculariter
1144 2245 1348 2310 murci
1382 2246 1577 2310 vocati
1630 2242 1761 2333 11).
1805 2247 1896 2310 De
1947 2243 2188 2309 delectu
2221 2246 2335 2314 sub
2377 2247 2525 2328 Cat-f

503 2356 770 2442 naribus,
815 2359 1060 2444 penitus
1088 2369 1321 2428 mutata
1370 2382 1438 2425 re
1477 2358 1761 2444 militari,
1791 2359 1870 2427 cf.
1909 2360 2239 2447 vegetium
2270 2359 2376 2451 (1,
2412 2356 2520 2449 7.)

562 2497 614 2561 1)
641 2497 717 2548 cr.
754 2497 953 2563 Dionys.
990 2497 1052 2562 o,
1075 2498 1205 2550 5.-
1227 2461 1280 2562 ἐ)
1302 2497 1378 2547 cr.
1403 2497 1606 2566 manga.
1631 2496 1701 2559 8,
1737 2496 1830 2560 81,
1855 2496 1977 2545 caes.
2016 2496 2083 2550 Β.
2108 2496 2165 2546 c.
2190 2496 2254 2559 2,
2279 2496 2518 2562 εει-3)

496 2587 571 2638 cr.
594 2588 701 2639 mv.
737 2590 834 2656 eo,
859 2589 1105 2651 51.—4)
1133 2588 1210 2662 er.
1235 2589 1342 2642 mv.
1382 2589 1483 2654 42,
1507 2589 1607 2653 δῇ,
1630 2588 1881 2653 oeu.1e‚
1915 2585 2519 2648 4.—5>Cf.va1.ntax,

493 2678 527 2728 6
548 2714 564 2742 ‚
599 2678 631 2728 5
648 2716 664 2743 ‚
690 2679 740 2730 4.
777 2679 837 2727 In
863 2678 1148 2729 solennibus
1182 2679 1346 2729 verbis
1376 2680 1540 2744 legere
1559 2715 1575 2743 ‚
1610 2677 1830 2727 seribere
1846 2714 1861 2740 ‚
1897 2677 2193 2726 laterculum
2209 2712 2228 2744 ,
2254 2682 2352 2726 etc.
2373 2704 2432 2714 —
2451 2675 2521 2734 8)Δ

494 2768 555 2817 v,
581 2768 975 2819 ci0.deDivin·.
1001 2769 1059 2831 1,
1084 2769 1248 2819 45.—
1269 2768 1325 2829 ⁷)
1365 2769 1440 2818 cr.
1464 2768 1572 2817 mv.
1596 2767 1664 2831 ⁷,
1704 2766 1770 2829 4,
1812 2766 1906 2831 42,
1931 2766 2029 2830 34,
2052 2767 2157 2816 cto.
2173 2785 2235 2832 ρ.
2261 2768 2386 2819 em.
2409 2767 2515 2832 54,

492 2857 602 2909 val.
625 2859 753 2907 Μαι.
776 2858 814 2907 l.
838 2875 889 2909 c.
907 2883 976 2898 -—
998 2857 1050 2917 8)
1074 2857 1151 2909 Cf.
1185 2858 1292 2913 Liv.
1316 2856 1411 2923 42,
1433 2854 1517 2906 54.
1542 2855 1748 2905 Vacatio
1769 2855 1833 2904 ab
1855 2861 1998 2921 atate
2019 2891 2036 2918 ‚
2060 2856 2124 2905 nb
2145 2856 2358 2905 honore.
2374 2882 2437 2895 —
2457 2856 2514 2922 9)

485 2947 561 2996 Cf.
584 2947 688 2996 Cic.
711 2948 1153 3012 Pffi1.5,19.-1o)
1177 2948 1253 2996 Cf.
1272 2947 1409 2996 Suet.
1427 2948 1570 3011 Auq.
1590 2944 1674 2995 2⁴.
1690 2945 1843 3011 —11)
1869 2946 1933 2995 V.
1954 2949 2120 3000 Amm.
2145 2946 2301 2995 Marc.
2321 2946 2401 3010 15,
2429 2945 2511 3004 12,

580 3067 731 3130 362.
783 3064 1151 3150 Conscriptae
1189 3065 1461 3149 legiones
1504 3073 1881 3128 sacramento
1924 3062 2112 3133 fidem
2158 3062 2511 3148 reipublicae

491 3177 953 3263 obstringebant
980 3173 1074 3264 1),
1107 3176 1297 3241 electo
1323 3177 1391 3257 in
1420 3176 1678 3262 siugulis
1702 3176 1898 3240 milite
1926 3176 2157 3240 caeteris
2179 3176 2510 3247 formulam

488 3301 842 3381 praeeunte3
872 3313 996 3378 quo
1044 3292 1397 3361 referuntur
1426 3289 1609 3356 verba
1640 3289 1856 3375 praeire
1877 3339 1894 3373 ,
1923 3289 1991 3359 in
2041 3289 2220 3355 verba
2257 3289 2507 3374 jurare5

487 3414 865 3472 sacramento
893 3403 1142 3489 adigere
1163 3452 1181 3488 ,
1206 3426 1456 3490 rogare,
1483 3416 1598 3474 etc.
1629 3404 1878 3490 Equites
1902 3426 1973 3467 ex
1998 3403 2266 3489 equestri
2292 3404 2508 3475 ordine

489 3518 756 3612 (censu)
790 3519 1155 3605 legebantur
1194 3517 1293 3607 (v.
1333 3518 1392 3602 §.
1427 3515 1621 3605 364.)
1669 3519 1748 3591 Ut
1776 3541 1811 3582 a
1840 3517 2000 3582 bello
2042 3518 2345 3585 tumultus
2391 3521 2504 3604 2),

488 3637 574 3700 sic
599 3659 633 3700 a
660 3635 826 3719 justo
855 3632 1098 3705 delectu
1135 3631 1576 3696 tumultuarius
1618 3630 2016 3716 distinguitur
2038 3679 2057 3716 ‚
2087 3629 2252 3694 unde
2281 3630 2506 3709 milites

487 3747 762 3815 subitarii
786 3798 803 3832 ,
835 3745 1257 3827 tumultuarii,
1286 3745 1558 3830 legiones
1589 3745 1909 3814 subitarias
1938 3744 2201 3827 scribere
2220 3794 2237 3829 ,
2264 3757 2379 3810 etc.
2407 3743 2501 3833 3),

485 3860 789 3944 conjurati
812 3858 898 3951 4).
929 3860 1161 3933 Militiae
1194 3870 1435 3943 tempus
1462 3857 1798 3946 (stipendia
1820 3908 1838 3943 ,
1871 3858 2037 3929 unde
2066 3860 2360 3946 stipendia
2390 3847 2527 3939 ta-ffi‘

483 3996 624 4039 cere
643 4022 664 4058 ,
712 3996 948 4040 merere
970 4023 987 4058 ,
1059 3969 1219 4071 etc.)
1275 3971 1535 4036 durante
1597 3972 1875 4039 libertate
1938 3972 2128 4059 pediti
2185 3974 2451 4043 sedecim
2473 4023 2497 4059 ,

484 4089 678 4181 equiti
725 4086 939 4176 decem
982 4109 1287 4163 annorum
1338 4082 1434 4177 5),
1480 4099 1625 4163 aetas
1664 4089 1942 4164 militaris
1986 4090 2148 4163 inter
2178 4089 2497 4165 decimum
