3111 4829
1493 367 1745 452 (216)

652 479 658 487 “
718 501 1141 572 primicerium
1175 500 1346 567 sacri
1374 499 1660 567 cubiculi
1695 511 1757 567 et
1796 497 2174 568 castrensem
2212 503 2383 570 Sam·
2411 502 2631 570 Pausi

628 620 744 685 sub
799 616 1118 703 Praeposito
1177 615 1343 680 Sacri
1408 614 1691 680 Cubiculi
1742 616 2233 681 memoravimus.
2298 617 2635 683 Castrensis

629 730 769 820 (ib.
814 755 874 816 p.
918 726 1159 817 1569.)
1197 728 1547 793 ministeriis
1587 739 1750 794 extra
1788 727 2147 792 cubiculum
2173 776 2190 810 ,
2232 728 2300 792 in
2347 728 2444 793 his
2488 730 2636 815 pin-

624 845 825 910 cernis
847 892 864 927 ,
911 842 1169 908 cellariis
1205 838 1272 930 2)
1294 889 1313 925 ,
1358 842 1739 906 mensoribus
1780 852 2034 928 praeerat
2061 889 2078 924 ‚
2144 842 2319 927 queis
2367 844 2634 929 singulis

629 960 726 1023 sui
769 967 940 1024 erant
960 956 1300 1020 Primicerii
1334 956 1456 1020 sive
1499 957 1830 1042 praepositi,
1855 957 1935 1021 ob
1963 977 2100 1020 eam
2121 977 2252 1020 rem
2279 1004 2296 1040 ‚
2325 956 2493 1021 unde
2519 979 2638 1023 no-

628 1092 775 1138 men
805 1118 823 1153 ,
868 1071 934 1134 in
975 1067 1241 1156 ceris(i.
1286 1091 1341 1134 e.
1385 1066 1663 1156 tabulis)
1695 1070 1822 1135 sive
1863 1072 2157 1158 catalogis
2191 1070 2273 1158 3)
2306 1070 2401 1134 sui
2448 1071 2637 1136 officii

628 1186 829 1274 primo
867 1186 999 1248 loco
1025 1181 1343 1247 nominati.
1383 1183 1458 1246 In
1479 1182 1859 1246 mensoribus
1881 1231 1899 1266 ‚
1936 1206 2088 1271 quos
2128 1182 2207 1248 ad
2249 1204 2476 1247 mensae
2512 1184 2639 1247 mi-

630 1303 881 1368 nisteria
925 1302 1106 1365 refert
1150 1300 1524 1365 Pancirollus
1577 1298 1685 1388 4),
1709 1310 1945 1364 mutata
1972 1321 2073 1383 re,
2101 1322 2329 1365 nomen
2372 1302 2636 1365 militare

631 1427 976 1498 servatum,
1016 1424 1258 1500 propter
1316 1413 1782 1478 similitudinem
1836 1435 2049 1478 eorum
2115 1435 2263 1479 cum
2301 1425 2637 1480 castrorum

630 1529 1016 1597 mensoribus
1039 1576 1056 1610 ,
1100 1528 1261 1592 inter
1309 1550 1460 1614 quos
1490 1526 1664 1592 ducis
1704 1525 2086 1616 tentorium(
2115 1528 2464 1613 praetorium
2489 1525 2637 1617 ),et

631 1641 784 1709 hinc
824 1641 1074 1706 omnino
1097 1640 1476 1705 domicilium
1518 1651 1814 1706 struentes
1839 1650 2242 1727 ornantesque
2270 1652 2483 1724 erant3
2524 1662 2642 1706 nee

636 1756 871 1823 diversa
929 1758 1078 1823 ratio
1129 1767 1218 1820 est
1255 1755 1533 1819 vocabuli
1571 1759 1926 1821 castrensis
1945 1804 1969 1834 ,
2022 1756 2192 1822 unde
2240 1755 2634 1822 castrensiani

566 1882 571 1886 ’
642 1871 936 1937 dicuntur
993 1869 1097 1960 (v.
1126 1870 1375 1934 Pancir.·
1403 1892 1465 1956 p.
1507 1866 1748 1958 1570.)
1777 1918 1796 1956 ‚
1835 1882 2064 1937 servata
2111 1870 2216 1936 hic
2270 1893 2520 1959 quoque
2573 1871 2643 1935 in

643 1984 859 2050 officiis
900 1983 1134 2047 militiae
1176 1981 1466 2068 imagine.

715 2122 778 2188 1)
801 2122 876 2171 Cf.
908 2122 1074 2171 Burin.
1100 2136 1213 2186 pag.
1256 2120 1368 2171 116.
1389 2149 1453 2158 —
1478 2118 1532 2186 2)
1568 2121 1643 2171 Cf.
1685 2122 1852 2173 Burm.
1886 2140 1999 2191 pag.
2036 2124 2121 2176 56.
2144 2153 2208 2165 —
2238 2125 2291 2193 ὅ)
2322 2125 2400 2175 Cf.
2433 2125 2556 2193 Lyd.
2576 2125 2639 2194 ὅ,

644 2212 682 2264 2
710 2215 763 2263 et
802 2210 852 2263 4.
878 2240 938 2251 -
962 2211 1014 2277 4)
1048 2211 1164 2275 1³13.
1198 2209 1343 2261 1570.
1365 2209 1520 2259 Aliter
1540 2210 1741 2276 Hegew.
1764 2229 1877 2279 pug-
1929 2215 2045 2265 255.

739 2354 889 2419 235.
923 2352 1193 2439 Magistri
1220 2351 1583 2417 scriniorum
1609 2351 1818 2443 (Pane.
1846 2376 1905 2441 p.
1937 2356 2155 2445 1581.)
2177 2378 2212 2422 a
2233 2356 2394 2421 cistis
2416 2358 2537 2424 sive
2558 2380 2652 2425 ar-

649 2466 858 2532 mariis
903 2464 1068 2547 dicti,
1093 2465 1340 2551 quae,'ut
1369 2475 1431 2529 et
1458 2467 1676 2551 scripta
1706 2467 1779 2530 iis
1802 2467 2067 2551 inclusa,
2093 2470 2313 2535 scrinia
2336 2470 2653 2556 adpellan-

651 2592 756 2645 tur
772 2604 790 2664 3
819 2578 982 2643 unde
1008 2579 1303 2643 scriniarii
1340 2579 1407 2642 in
1449 2579 1569 2642 illis
1597 2580 1941 2645 militantes.
1969 2582 2202 2647 Scrinia
2233 2594 2497 2670 quatuor
2524 2584 2653 2649 dis-

654 2695 949 2781 tinguunt
969 2715 1061 2757 res
1092 2694 1158 2756 in
1180 2693 1434 2779 singulis
1461 2703 1726 2757 tractatae
1750 2718 1768 2777 3
1803 2694 1969 2759 uude
1991 2696 2284 2761 scrinium
2309 2699 2614 2764 memoriae
2641 2747 2661 2783 ‚

657 2819 720 2873 et
759 2807 1136 2871 memoriales
1167 2853 1186 2889 ‚
1226 2806 1515 2870 laterculo
1568 2806 1803 2871 minore
1850 2818 1910 2871 et
1953 2808 2097 2873 alias
2130 2814 2449 2897 occupati3
2494 2811 2656 2876 scri-

659 2920 837 2984 nium
875 2919 1265 3004 epistolarum
1289 2928 1349 2983 et
1375 2918 1727 3003 epistolares
1751 2967 1769 3003 ,
1806 2920 1916 3005 qui
1952 2921 2284 3007 legationes
2316 2925 2658 3011 civitatum,

658 3034 1124 3099 consultationes
1154 3043 1214 3098 et
1242 3053 1449 3118 preces
1473 3043 1730 3097 tractant
1757 3057 1776 3117 3
1803 3034 2096 3100 scrinium
2121 3037 2508 3123 libellorum,
2533 3061 2662 3126 quo

662 3148 1037 3233 cognitiones
1071 3146 1134 3235 1)
1161 3157 1221 3212 et
1250 3167 1457 3232 preces
1478 3146 1908 3233 continentur3
1948 3149 2243 3216 scrinium
2269 3154 2657 3240 epistolarum

665 3260 1037 3327 Graecarum.

754 3375 1142 3439 Primicerius
1169 3375 1553 3441 Notariorum
1576 3374 1682 3467 (ib
1729 3379 1920 3444 1577.
1952 3374 1979 3466 )
2024 3379 2098 3444 iis
2128 3381 2477 3467 praepositus
2503 3426 2522 3464 ,
2551 3381 2666 3467 qui

666 3487 1027 3574 dignitatem
1060 3488 1327 3575 aliquam
1361 3512 1398 3555 a
1426 3489 1708 3575 Principe
1738 3503 2089 3556 consecutos
2116 3493 2403 3579 laterculo
2426 3494 2484 3576 §.
2511 3495 2670 3560 237.

668 3611 998 3665 memorato
1042 3600 1384 3666 inferebant
1412 3650 1431 3684 ‚
1464 3601 1801 3691 iisdemque
1847 3604 2150 3671 codicillos
2172 3651 2190 3686 ‚
2233 3604 2405 3690 queis
2459 3608 2663 3671 nomi-

668 3715 806 3778 nari
844 3713 1105 3778 diximus
1145 3713 1254 3805 (§.
1299 3717 1448 3781 237.
1485 3715 1580 3781 cf.
1631 3714 1820 3804 189.)
1852 3718 2273 3804 magistratus,
2309 3738 2343 3781 e
2374 3717 2668 3786 laterculo

673 3826 884 3891 ductos
927 3828 1246 3894 tradebant
1275 3877 1294 3915 ‚
1330 3829 1415 3898 ab
1456 3828 1576 3895 hoc
1622 3829 1871 3896 notandi
1903 3831 2025 3895 sive
2067 3829 2370 3895 scribendi
2408 3854 2674 3900 munere

675 3963 899 4006 nomen
949 3941 1241 4009 habentes
1287 3940 1395 4030 2),
1444 3954 1733 4009 caeterum
1774 3942 2031 4007 Tribuni
2055 3943 2226 4009 titulo
2252 3943 2319 4033 3)
2365 3944 2667 4018 honorati.

764 4056 1154 4122 Proconsules
1183 4057 1292 4121 uni
1332 4048 1687 4141 provinciae,
1722 4054 2047 4120 Praefectus
2076 4056 2424 4143 Augustalis
2450 4073 2511 4127 et
2538 4062 2672 4127 Co-
