3111 4829
1273 427 1528 511 (137)

392 561 638 646 capiens
665 580 901 626 servare
927 562 1025 625 vel
1059 561 1360 646 auspicari
1385 558 1464 625 de
1489 561 1644 626 coelo
1672 558 1899 627 dicitur
1932 560 2021 650 1).
2054 564 2167 628 Illa
2194 606 2212 646 ,
2241 577 2408 628 non-‘-

392 673 512 737 nisi
541 672 847 757 majorum
876 675 1345 762 magistratuum
1368 722 1387 757 ,
1429 674 1509 739 ab
1537 674 1933 741 incunabulis
1973 678 2188 741 Romoe
2217 699 2409 762 repe·-

392 785 577 851 tenda
606 787 712 875 2),
740 787 1002 855 comitiis
1028 787 1325 854 habendis
1354 788 1791 874 capiebantur3
1834 790 2059 875 spectio
2086 788 2165 854 de
2210 791 2364 855 coelo
2388 839 2406 875 ,

392 902 708 966 minorum
754 902 939 967 etiam
984 904 1452 991 magistratuum
1497 900 1581 989 3)
1637 914 1699 967 et
1735 902 1801 966 in
1847 902 1944 968 his
1991 903 2408 968 Tribunorum

393 1012 595 1078 Plebis
625 1012 724 1102 4),
762 1015 1076 1080 incertum
1100 1065 1119 1100 ‚
1146 1000 1411 1103 ‘quando
1436 1063 1454 1099 ‚
1495 1014 1601 1079 sed
1641 1036 1772 1080 sero
1794 1063 1812 1098 ‚
1852 1016 1902 1079 si
1947 1014 2304 1082 Schulzium
2345 1017 2414 1104 5)

396 1127 751 1212 sequimur,
790 1129 930 1215 lege
978 1128 1231 1196 inducta
1255 1178 1274 1213 ,
1324 1127 1403 1194 ad
1451 1130 1667 1214 legum
1713 1129 1960 1194 comitia
2007 1150 2164 1194 eum¹
2206 1130 2419 1215 impe-

397 1237 656 1321 dienda,
686 1254 822 1306 tum
852 1244 1194 1307 dirimenda
1229 1240 1335 1327 6),
1365 1255 1496 1305 tum
1532 1264 1676 1307 vero
1702 1242 1972 1308 vitianda
2003 1244 2220 1327 etiam,
2259 1244 2303 1308 i.
2362 1264 2419 1307 e.

396 1351 798 1417 rescindenda
817 1401 836 1436 ‚
879 1352 1117 1417 valebat
1160 1351 1255 1440 7);
1293 1354 1378 1417 ita
1408 1349 1662 1437 quidem
1686 1397 1705 1432 ,
1742 1365 1812 1413 ut
1853 1352 1932 1415 ad
1959 1353 2426 1438 impediendum

398 1464 538 1528 satis
565 1475 759 1549 esset,
792 1466 841 1528 si
885 1464 1163 1551 servandi
1198 1465 1302 1548 jus
1330 1463 1566 1528 habens
1605 1464 1992 1548 magistratus
2015 1514 2032 1547 ‚
2079 1487 2144 1529 se
2181 1466 2281 1531 die
2311 1489 2421 1532 co·

397 1575 589 1649 mitiis
635 1586 854 1641 statuta
898 1574 976 1640 de
1019 1577 1173 1641 coelo
1218 1586 1599 1640 servaturum
1654 1596 1780 1639 esse
1804 1624 1822 1660 ,
1886 1574 2241 1661 praediceret
2290 1580 2328 1641 8
2351 1575 2423 1664 );

397 1688 555 1775 quin
591 1689 773 1752 etiam
805 1690 981 1775 signa
1023 1689 1315 1753 ementito
1354 1688 1762 1754 nihilominus
1789 1688 2133 1774 parendum
2167 1702 2298 1755 erat
2327 1688 2426 1777 9).

399 1800 722 1885 spectione
745 1801 941 1895 igitur¹
955 1799 1033 1865 de
1052 1800 1206 1866 coelo
1231 1812 1293 1866 et
1319 1801 1468 1867 alios
1488 1792 1878 1886 magistratus
1903 1801 2165 1866 Tribuni
2188 1801 2390 1866 Plebis
2405 1852 2423 1886 ,

403 1924 463 1977 et
494 1913 604 1978 hos
640 1914 905 1978 vicissim
945 1913 1037 1975 illi
1075 1910 1377 1996 impedire
1413 1923 1736 1999 poterant,
1769 1938 1965 2003 eoque
2006 1918 2256 1981 nomine
2293 1915 2429 1980 haec

402 2026 672 2112 auspicia
713 2049 750 2090 a
796 2025 1091 2090 Cicerone
1136 2022 1469 2089 laudantur
1513 2024 1662 2114 10);
1709 2050 1827 2092 nec
1874 2030 2058 2093 aliam
2102 2030 2304 2112 potius
2348 2030 2428 2095 ob

406 2138 656 2204 eausam
700 2139 815 2203 sub
845 2139 1037 2202 finem
1083 2139 1288 2201 soeculi
1326 2140 1569 2223 septimi
1597 2140 1766 2222 leges
1800 2140 1963 2203 AElia
1996 2149 2058 2202 et
2095 2141 2275 2204 Fusia
2299 2186 2323 2215 ,
2352 2140 2430 2206 de

404 2252 670 2339 quibus,
706 2273 835 2337 quo
878 2249 1200 2331 differant,
1231 2247 1471 2315 dubitat
1504 2248 1768 2315 Schulze
1812 2247 1978 2336 11),
2014 2263 2382 2337 oppugnata
2405 2301 2424 2337 ,

408 2373 468 2427 et
497 2366 563 2428 iu
596 2358 839 2448 tempus
868 2372 1033 2428 certe
1074 2361 1324 2427 sublatae
1363 2358 1495 2451 12).

475 2549 528 2611 1)
548 2549 624 2597 Cf.
658 2546 749 2595 nio
768 2547 898 2596 Cass.
929 2546 995 2597 58
1014 2582 1032 2610 ‚
1057 2547 1139 2597 15.
1161 2575 1222 2584 —
1240 2549 1301 2609 2)
1321 2547 1397 2596 Cf.
1416 2547 1617 2612 Dionys.
1646 2548 1756 2597 Hal.
1792 2549 1852 2612 2,
1887 2549 1918 2598 6
1936 2586 1952 2612 ‚
1976 2548 2082 2599 Liv.
2098 2551 2131 2600 6
2148 2587 2164 2615 ‚
2184 2551 2267 2601 42.
2287 2579 2349 2590 —
2366 2554 2433 2619 ὅ)

408 2638 486 2689 Cf.
512 2638 706 2687 Schulz.
732 2654 784 2702 p.
819 2636 1170 2687 metm—
1197 2636 1259 2702 4)
1281 2636 1356 2688 Cf.
1377 2638 1480 2686 Cic.
1507 2639 1698 2687 σακία.
1724 2638 1772 2700 1,
1795 2638 1888 2701 16,
1926 2638 1977 2702 4,
2001 2638 2051 2688 ὅ.
2074 2641 2215 2706 -5)
2240 2641 2297 2689 Ρ.
2317 2642 2432 2691 256.

410 2757 473 2768 -
497 2728 560 2793 6)
585 2728 661 2776 Cf.
682 2727 802 2776 Tae.
822 2727 962 2775 Ηιζςι.
985 2726 1009 2775 1
1033 2762 1050 2789 ,
1079 2725 1159 2776 18.
1179 2753 1239 2764 -—-
1263 2726 1326 2791 7)
1344 2727 1418 2775 Cf.
1439 2726 1523 2774 Cic
1555 2726 1695 2776 Pha.
1719 2726 1752 2775 2
1769 2763 1785 2788 ,
1805 2726 1872 2776 32
1892 2764 1908 2790 ,
1933 2727 2212 2793 &Low-2
2229 2731 2347 2792 ,12
2368 2761 2428 2770 —

410 2817 465 2884 8)
489 2818 564 2866 Cf.
583 2818 688 2866 Cio.
706 2818 776 2866 ad
799 2820 903 2865 Aee.
924 2815 983 2880 ⁴,
1006 2816 1057 2864 ὅ.
1078 2842 1138 2855 -—
1158 2815 1211 2878 9)
1230 2816 1306 2865 cf.
1326 2816 1431 2865 Cic.
1451 2816 1591 2865 Plu‘l.
1613 2817 1645 2864 2
1662 2852 1678 2879 ‚
1710 2817 1794 2865 55.
1816 2816 1979 2879 -1o)
2007 2818 2067 2866 In
2102 2819 2215 2867 Pes.
2234 2819 2294 2883 ⁴,
2319 2830 2436 2884 pose

411 2908 518 2957 red.
542 2909 603 2955 in
619 2921 728 2954 sen.
752 2904 803 2954 5.
825 2904 987 2978 ”ss.)
1011 2905 1068 2953 P.
1087 2905 1202 2955 236.
1223 2904 1482 2966 -12)Cs.
1507 2904 1596 2953 Cic
1626 2906 1820 2954 odAtt.
1842 2905 2018 2969 219,
2036 2908 2099 2955 do
2117 2907 2252 2955 Har.
2274 2907 2431 2972 Rosp.

413 2994 479 3044 27
494 3029 513 3058 ‚
537 2996 596 3043 in
621 2992 743 3042 Vnt.
761 2992 811 3041 6.
831 3008 943 3056 sqq.
968 3029 984 3056 ‚
1009 2993 1132 3058 ubi,
1153 2991 1197 3061 §.
1230 2993 1263 3042 9
1280 3030 1297 3059 ,
1318 2995 1445 3058 leque
1462 2994 1602 3044 AElae'a
1622 3001 1672 3043 ee
1689 2993 1856 3044 Fusio
1883 2998 2035 3046 σείσω
2056 2999 2191 3046 inter
2219 2998 2435 3060 Syllana

416 3099 562 3133 ama
584 3084 839 3133 viserunt.
861 3081 924 3131 V.
948 3082 1143 3133 Schulz.
1167 3098 1219 3149 p.
1239 3081 1353 3132 258.

511 3277 660 3349 152.
710 3272 999 3357 Auspicia
1024 3270 1257 3356 majora
1288 3282 1350 3335 et
1385 3271 1625 3337 minora
1652 3294 1776 3336 non
1806 3293 1841 3336 a
1868 3272 2020 3336 ritus
2050 3271 2391 3340 diversitate
2412 3323 2432 3358 ,

420 3388 527 3454 sed
567 3412 605 3455 a
647 3388 1007 3474 magistratu
1051 3385 1403 3470 auspicante
1461 3382 1755 3449 dicuntur
1778 3434 1796 3468 ,
1840 3394 2141 3470 quatenus
2188 3387 2439 3470 majoris

421 3501 808 3587 magistratus
846 3498 1133 3584 auspiciis
1171 3477 1426 3559 minoris
1468 3493 1730 3577 cedunt3
1771 3495 1980 3582 sicque
2022 3497 2305 3578 majores·
2327 3497 2437 3561 di-

423 3624 651 3677 cuntur
707 3611 937 3695 majora
964 3659 982 3694 ,
1032 3609 1299 3672 minores
1336 3607 1588 3696 ,minora
1636 3606 1880 3672 habere.
1936 3608 2114 3673 Unde
2167 3609 2432 3694 pendet,

425 3725 592 3812 quod
630 3746 880 3790 avocare
922 3724 1222 3808 populum
1245 3743 1281 3786 a
1308 3720 1546 3784 minore
1575 3731 2019 3805 congregatum
2049 3720 2270 3786 licebat
2287 3744 2437 3790 ma·-

420 3838 590 3923 jori,
643 3850 705 3902 et
746 3845 1036 3903 consueta
1083 3835 1190 3899 illa
1236 3832 1544 3916 majorum
1601 3833 2070 3917 magistratuum
2127 3835 2196 3899 in
2245 3835 2444 3903 edicto

427 3954 673 4018 comitia
706 3951 1018 4016 indicente
1073 3949 1376 4013 formula:
1422 3970 1503 4011 ns
1549 3949 1700 4034 quic
1741 3950 2175 4036 maqietratue
2230 3958 2448 4020 minor

431 4066 508 4131 ds
540 4066 693 4131 coelo
725 4085 1016 4128 servasse
1052 4063 1211 4128 velit
1245 4057 1332 4147 1).
1373 4059 1514 4128 Pari
1541 4058 1721 4128 modo
1762 4060 2129 4148 quandoque
2164 4067 2268 4131 alii
2301 4089 2441 4131 ma-

2043 4174 2117 4233 18
