3111 4829
573 445 576 446 γ
1189 439 1194 442 .
1301 372 1328 456 (
1368 373 1481 436 481
1524 372 1551 456 )

417 497 494 549 Ct'.
523 499 686 550 mant.
725 499 893 552 Tne.
918 501 983 568 4,
1006 500 1075 568 2,
1100 502 1182 552 18.
1204 526 1264 542 —-·
1283 502 1338 569 5)
1374 505 1449 554 Gr.
1487 506 1670 557 Juven.
1698 506 1730 555 8
1758 508 1869 558 init.
1890 544 1907 571 ‚
1931 508 2083 573 Prop.
2117 508 2180 573 2,
2212 508 2307 572 10,
2342 508 2437 572 w,

419 590 541 637 Tac.
565 590 709 638 Arm.
733 589 766 637 δ
785 626 803 653 ,
821 588 1028 650 76.-6)
1053 591 1128 640 Cf.
1164 592 1296 641 Ptin.
1313 592 1378 643 55
1396 630 1412 656 ‚
1435 593 1498 644 12
1515 631 1532 659 ,
1557 595 1732 660 Polyb.
1757 596 1789 647 6
1807 634 1823 661 ‚
1843 597 1908 647 53
1924 633 1941 660 ‚
1977 598 2176 662 Dionys.
2196 633 2213 661 ,
2236 597 2269 646 7
2288 635 2306 663 ,
2328 597 2398 646 72
2422 635 2443 664 ,

421 678 556 727 Suet.
587 678 707 728 Tib.
728 672 793 728 5⁷
806 715 824 744 ‚
846 683 897 729 et
918 678 1074 745 Vesp-
1097 680 1179 746 19,
1199 709 1264 723 —
1283 686 1342 732 in
1356 684 1544 748 sunere
1565 686 1709 736 Fano
1732 683 1799 751 (?)
1815 675 2146 738 archimimus
2158 703 2434 752 personant

428 767 540 830 ejus
553 767 727 831 [brem
740 804 757 833 ‚
777 771 1104 835 imitansque,
1129 777 1191 820 ut
1203 779 1278 820 ose
1295 788 1430 836 mos,
1443 772 1589 835 sacto
1603 790 1664 823 ae
1681 774 1818 825 dicta
1836 777 1958 841 vivi,
1981 776 2206 841 οἱα-7)
2230 777 2305 825 Cf.
2329 775 2439 824 Liv-

422 855 494 906 58
514 893 532 922 ,
550 857 635 907 55.
654 885 716 894 —-
736 856 789 922 8)
824 857 901 906 Cf.
922 858 1071 925 Prop.
1096 858 1158 925 9,
1184 860 1248 909 10
1272 896 1289 926 ,
1309 859 1393 910 29.

514 974 662 1039 487.
711 974 935 1060 Pompa
972 996 1082 1060 per
1119 975 1377 1059 Forum,
1425 976 1538 1040 ubi
1565 998 1697 1041 mos
1725 988 2039 1043 mortuum
2067 998 2179 1066 pro
2208 975 2444 1046 Rostris

431 1089 670 1155 laudari
705 1087 766 1177 1)
793 1138 809 1172 ‚
845 1089 1163 1175 tendebat3
1193 1087 1383 1155 funus
1420 1092 1606 1179 vulgo
1642 1104 1802 1158 extra
1834 1094 2066 1160 moenia
2095 1094 2161 1159 in
2188 1096 2284 1160 via
2312 1119 2447 1182 pu·-

421 1203 583 1269 blica
615 1200 685 1291 2)
724 1203 1121 1276 condebatur.
1157 1203 1323 1269 Olim
1354 1203 1521 1270 domi
1548 1218 1657 1270 aut
1685 1207 1810 1271 suis
1843 1207 1907 1272 in
1934 1208 2143 1273 fundis
2178 1210 2245 1273 iu
2290 1209 2447 1274 urbe

425 1317 690 1402 sepultos
710 1337 836 1380 esse
865 1316 1197 1399 Romanos,
1212 1327 1444 1382 veteres
1466 1328 1762 1382 testantur
1783 1315 1872 1405 3),
1901 1322 2176 1407 etarguit
2190 1323 2285 1386 lex
2301 1323 2443 1388 ΧΠ.

427 1425 923 1516 Tabh.(p.254.):
949 1428 1271 1492 hominem
1292 1440 1619 1492 mortuum
1634 1431 1707 1493 in
1726 1429 1884 1493 urbe
1897 1452 1975 1494 ne
1991 1433 2277 1518 sepelite,
2293 1455 2449 1496 neve

426 1543 603 1606 urite
633 1539 722 1630 4),
743 1564 822 1608 ne
851 1540 983 1607 haec
1015 1541 1267 1630 quidem
1290 1542 1421 1607 sine
1453 1543 1809 1629 exceptione
1836 1541 2146 1609 clarorum
2173 1546 2446 1611 virorum

428 1655 494 1718 iu
529 1656 785 1741 gratiam
821 1666 1049 1721 servata
1072 1705 1091 1741 ,
1139 1679 1291 1744 quos
1318 1667 1552 1721 constat
1596 1677 1753 1743 saepe
1792 1656 1859 1722 in
1896 1658 2088 1744 urbe,
2134 1657 2449 1723 interdum

430 1771 497 1835 iu
548 1771 776 1857 Campo
811 1771 1026 1836 Martio
1064 1769 1338 1835 conditos
1367 1792 1494 1835 esse
1531 1767 1621 1857 5).
1655 1769 1748 1834 De
1783 1792 2126 1857 pauperum
2152 1772 2309 1836 ultra
2338 1772 2453 1836 Es-

430 1885 738 1973 quilinum
761 1886 1083 1972 puticulis
1121 1884 1339 1948 confer.
1356 1883 1601 1947 Festum
1628 1883 1695 1946 in
1725 1882 2057 1969 puticulos
2082 1881 2174 1973 6).
2217 1883 2453 1971 Corpus

430 1997 689 2064 humare
714 1997 785 2086 7)
809 1999 956 2063 olim
988 1996 1267 2062 usitatius
1306 1996 1491 2060 fuisse
1533 1993 1773 2059 videtur
1801 2044 1819 2078 ,
1852 2018 2039 2083 quam
2063 1999 2319 2061 cremati
2348 1998 2454 2062 ei·-

434 2135 610 2177 neres
630 2110 892 2177 condere
916 2134 934 2194 3
965 2109 1129 2197 quod
1156 2120 1362 2173 tamen
1399 2106 1739 2194 antiquitus
1761 2106 1893 2189 jam
1919 2107 2251 2172 obtinuisse
2274 2158 2292 2192 ‚
2314 2131 2455 2175 ma-

436 2226 726 2290 nifestum
754 2247 789 2288 e
810 2222 1006 2287 verbis
1024 2222 1144 2285 XII
1162 2220 1350 2284 Tabb.
1376 2242 1528 2283 neve
1557 2222 1733 2282 urite
1756 2216 1845 2306 8).
1869 2219 1987 2282 Sed
2011 2242 2126 2285 nee
2150 2219 2458 2287 humandi

435 2361 568 2403 mos
591 2338 812 2402 seriore
841 2358 966 2401 aevo
992 2356 1236 2422 prorsus
1265 2333 1555 2417 cessavit,
1588 2331 1655 2395 iu
1683 2331 2019 2396 infantibus
2037 2382 2057 2418 ‚
2103 2345 2245 2398 aute
2265 2335 2457 2422 geni-

436 2463 572 2517 tum
602 2451 851 2517 dentem
890 2449 960 2539 9)
987 2498 1005 2532 ,
1042 2449 1173 2532 vel,
1211 2457 1283 2511 ut
1309 2447 1443 2511 aliis
1477 2446 1681 2511 dicere
1715 2446 1984 2533 placuit,
2014 2458 2157 2513 ante
2186 2450 2457 2536 quadra-

442 2567 608 2654 ginta
635 2565 762 2630 dies
773 2562 1051 2628 extinctis
1080 2559 1210 2648 10),
1236 2560 1303 2624 in
1328 2571 1511 2646 geute
1524 2561 1709 2625 etiam
1728 2559 2007 2625 Cornelia
2018 2572 2292 2628 retentus
2318 2562 2455 2652 11).

438 2677 530 2745 De
547 2677 798 2743 homine
817 2675 1079 2741 fulmine
1096 2674 1217 2738 icto
1233 2672 1370 2736 vide
1384 2674 1442 2758 §.
1467 2676 1620 2737 321.
1644 2672 1859 2757 Rogus
1882 2672 2004 2736 sive
2027 2694 2194 2761 pyra,
2218 2697 2327 2761 pro
2342 2676 2460 2741 de-
2509 2751 2516 2757 ‚

434 2794 632 2858 functi
657 2791 871 2857 ordine
894 2785 1281 2875 fortunisque
1305 2795 1662 2868 exsti-actm,
1693 2783 1979 2850 odoribus
2000 2809 2379 2873 conspersuS,
2421 2814 2459 2858 a

439 2906 726 2992 proximis
752 2925 959 2969 averso
989 2903 1160 2967 vultu
1201 2896 1646 2965 incendebatur
1679 2894 1808 2983 12).
1844 2897 1919 2959 Iu
1951 2896 2266 2963 flammam
2297 2923 2455 2986 pre-

442 3018 612 3101 tiosa,
630 3016 918 3102 inprimis
935 3036 1130 3094 arma,
1153 3022 1401 3094 vestem,
1425 3010 1544 3074 alia
1566 3009 1659 3073 vel
1680 3006 1957 3072 defuncti
1989 3011 2081 3073 vel
2113 3012 2455 3080 amicorum

442 3131 627 3197 etiam
656 3128 961 3213 conjicere
984 3126 1256 3191 solebant
1282 3121 1414 3211 13).
1448 3122 1777 3186 Combusto
1802 3122 1960 3185 inter
1989 3121 2205 3189 fletum
2235 3127 2461 3212 plane..

441 3254 661 3332 tusque
697 3243 917 3307 funere
963 3239 1107 3330 14),
1152 3236 1409 3326 ignique
1454 3235 1716 3302 extincto
1751 3233 2016 3326 (vino),
2049 3238 2299 3305 collecta
2326 3264 2454 3309 ossa

443 3356 813 3444 propinqui,
851 3355 1070 3438 amici,
1096 3375 1242 3418 cum
1270 3352 1493 3417 cineris
1522 3350 1823 3437 particula
1842 3398 1863 3434 ‚
1892 3349 2147 3434 adjectis
2192 3364 2253 3416 et
2294 3354 2458 3421 odo-

442 3471 616 3534 ribus
631 3468 887 3554 aliisque
911 3464 1041 3553 15),
1060 3487 1213 3529 urna
1237 3462 1480 3528 condita
1495 3463 1563 3525 iu
1587 3459 1907 3547 sepulchro
1924 3462 2301 3547 reponebant
2321 3465 2454 3552 16).

445 3584 754 3649 Sermonis
787 3605 903 3647 usu
943 3580 1208 3645 notanda
1229 3600 1402 3643 urnae
1425 3577 1786 3659 cinerariae',
1817 3575 2050 3640 ossariae
2079 3575 2210 3664 17),
2235 3580 2460 3644 ossile-

448 3699 621 3783 gium
653 3696 784 3787 18).
815 3698 950 3762 Nou
987 3693 1313 3760 cremanda
1353 3713 1605 3777 corpora
1631 3690 1882 3774 loculis,
1909 3690 2164 3775 capulo,
2197 3692 2418 3758 feretro
2440 3744 2461 3778 ‚

448 3811 813 3898 sarcophago
851 3806 957 3898 19)
982 3858 1000 3892 ,
1031 3810 1266 3874 inclusa
1295 3806 1738 3872 inserebantur.

515 3947 567 4013 1)
602 3944 677 3995 Cf.
697 3947 896 4013 Dionys.
921 3946 981 4011 4,
1002 3945 1094 4011 40,
1120 3944 1175 3994 11
1200 3981 1217 4010 ,
1240 3943 1304 3993 39
1321 3980 1337 4008 ,
1361 3942 1497 3993 Plut.
1522 3941 1726 3993 Public.
1745 3940 1917 4001 9.—2)
1950 3941 2025 3989 Cf.
2045 3943 2223 3993 Juveu.
2249 3945 2307 4011 1,
2331 3952 2455 4000 extr,

449 4055 668 4105 quorum
690 4038 956 4090 Flaminia
994 4039 1182 4103 {egitur
1213 4037 1346 4087 cinis
1378 4041 1529 4100 alque
1552 4033 1761 4097 Latina,
1785 4033 1942 4097 Nepos
1975 4032 2028 4080 in
2050 4036 2154 4081 Aet.
2180 4049 2227 4082 c.
2244 4042 2368 4087 extr.
2393 4065 2456 4076 ..-

2053 4121 2125 4181 61
