3111 4829
1500 391 1524 473 (
1565 388 1747 470 256‘)

636 573 639 578 .
708 519 857 604 262.
893 519 1056 585 Juris
1101 521 1340 585 romani
1374 540 1511 606 pars
1552 522 1795 608 legibus
1818 568 1837 604 ‚
1882 523 1951 586 in
1981 524 2182 609 iisque
2228 523 2348 589 XII
2381 521 2633 590 tabula-

619 657 759 702 rum
782 684 800 719 ,
838 656 971 721 pars
998 632 1132 718 jure
1175 632 1503 699 honorario
1527 683 1544 717 ‚
1589 633 1711 698 sive
1750 657 1786 700 a
1829 635 2287 723 magistratibus
2327 635 2585 700 inducto
2612 686 2630 720 ‚

616 771 757 837 pars
790 751 898 832 iis,
929 770 1065 835 quae
1096 771 1132 812 a
1163 745 1538 833 prudentum
1576 748 1932 814 auctoritate
1975 760 2037 814 et
2072 747 2482 834 disputatione
2517 749 2636 812 fori

618 874 863 949 recepta
896 873 1039 927 sunt
1062 910 1079 945 ‚
1114 884 1250 947 pars
1280 862 1638 949 Principum
1678 865 2214 930 constitutionibus
2245 863 2635 930 continetur.

636 982 783 1045 Haec
808 978 954 1042 alias
991 955 1196 1040 o'mnia
1224 1023 1241 1058 ‚
1274 977 1419 1040 alias
1445 1026 1462 1059 ‚
1507 977 1751 1041 excluso
1778 975 2100 1041 honorario
2122 1027 2138 1060 ‚
2165 977 2270 1061 jus
2309 977 2488 1041 civile
2526 999 2641 1042 ve-

629 1106 820 1175 tereS,
855 1089 1287 1175 interdumque
1308 1088 1457 1153 adeo
1492 1090 1680 1154 solam
1708 1090 2129 1156 auctoritatem
2153 1090 2534 1176 prudentum
2575 1102 2640 1156 et

621 1199 1089 1290 disputationem
1122 1202 1239 1267 fori
1290 1203 1374 1268 sic
1405 1202 1787 1288 adpellarunt
1815 1202 1900 1293 1).
1948 1203 2022 1269 In
2046 1206 2193 1290 jure
2226 1206 2419 1294 igitur
2466 1208 2633 1273 civili

622 1319 1045 1386 Romanorum
1078 1315 1541 1403 distinguuntur
1578 1318 1670 1382 lex
1702 1319 1994 1384 strictiore
2035 1320 2194 1384 vocis
2233 1343 2414 1386 sensu
2440 1370 2458 1404 ,
2500 1321 2641 1406 ple-

624 1430 914 1496 biscitum
938 1480 956 1514 ,
988 1430 1573 1495 senatusconsultum
1594 1478 1611 1513 ,
1646 1429 1842 1496 edicta
1874 1480 1891 1515 ,
1950 1415 2276 1518 disputatio
2326 1433 2442 1497 fori
2464 1481 2482 1516 ‚
2517 1454 2641 1497 res-

622 1569 811 1633 ponsa
852 1544 1227 1633 prudentum
1253 1593 1281 1628 ,‚
1304 1543 1662 1628 Principum
1691 1541 1978 1631 rescripta
1998 1591 2023 1623 ,
2059 1544 2549 1612 constitutiones·

712 1659 942 1745 Legem
994 1658 1253 1743 populus
1311 1655 1574 1721 comitiis
1631 1655 1878 1720 curiatis
1933 1666 1995 1720 et
2039 1657 2394 1722 centuriatis
2419 1706 2437 1742 ‚
2510 1679 2584 1723 ea
2609 1707 2628 1742 ‚

624 1756 813 1860 quam
851 1777 912 1861 ς.
959 1773 1103 1836 159.
1146 1793 1274 1858 sqq.
1304 1770 1687 1856 exposuimus
1708 1818 1727 1856 ,
1766 1769 1999 1836 ratione
2035 1791 2225 1857 propo
2242 1773 2418 1836 sitam
2452 1772 2646 1857 jube-

602 1887 731 1961 bat
754 1936 771 1971 ,
820 1881 1205 1972 plebiscitum
1244 1885 1413 1972 plebs
1444 1935 1462 1968 ‚
1505 1892 1757 1973 rogante
1804 1886 2160 1974 magistratu
2203 1885 2405 1972 plebej
2430 1908 2486 1951 o.
2529 1889 2645 1950 Se-

622 2000 1076 2066 natusconsulta
1120 1996 1223 2088 (§.
1256 1999 1402 2064 177.
1432 1996 1458 2086 )
1484 2019 1565 2063 an
1583 2000 1649 2064 in
1672 1999 1863 2064 libera
1885 2001 2072 2066 etiam
2096 2001 2339 2066 civitate
2364 2021 2603 2085 semper
2625 2048 2645 2084 ‚

625 2128 687 2181 et
731 2127 1030 2204 quatenus
1072 2117 1138 2180 in
1166 2114 1437 2179 fontibus
1462 2114 1622 2199 juris
1658 2114 1850 2180 civilis
1891 2113 2178 2201 ponenda
2208 2165 2227 2200 ‚
2262 2115 2603 2202 quaesitum
2631 2140 2650 2200 ;

625 2229 794 2295 hand
839 2229 1127 2317 ambigue
1180 2240 1418 2317 ponunt
1464 2228 1730 2294 Bachius
1782 2240 1844 2294 et
1884 2230 2082 2317 Hugo
2136 2226 2227 2317 2).
2274 2230 2393 2295 Lex
2431 2230 2649 2295 ambos

627 2342 869 2409 ordines
896 2393 914 2430 ,
950 2343 1336 2432 plebiscitum
1373 2353 1514 2408 ante
1550 2344 1753 2430 legem
1786 2341 2098 2408 Horatium
2127 2341 2154 2434 (
2174 2339 2236 2423 §.
2291 2345 2440 2409 170.
2466 2340 2493 2432 )
2517 2344 2648 2431 ple-

623 2459 796 2543 bejos
844 2469 1085 2525 tantum
1138 2457 1423 2524 devinxit.
1460 2457 1699 2523 Edicta
1752 2455 2115 2521 dividuntur
2173 2456 2241 2520 in
2296 2458 2536 2524 urbana
2585 2471 2671 2523 et«

627 2571 1017 2656 provincialia
1039 2616 1056 2651 ,
1077 2563 1339 2655 utraque
1377 2571 1600 2655 partim
1635 2571 2000 2653 temporaria
2026 2571 2053 2659 (
2078 2569 2493 2660 repentina),
2524 2574 2648 2639 sive

630 2695 793 2749 extra
846 2682 1126 2748 ordinem
1176 2683 1477 2769 proposita
1507 2732 1525 2765 ‚
1578 2683 1839 2769 partim,
1884 2695 1952 2748 ut
1996 2706 2214 2749 annua
2264 2686 2596 2753 Praetorum
2627 2738 2646 2771 ‚

624 2807 941 2884 perpetua.
972 2796 1457 2882 Disputationem
1479 2797 1629 2881 fori,
1656 2820 1690 2862 e
1718 2798 2020 2863 veteribus
2055 2801 2165 2864 soli
2184 2802 2520 2888 Pomponio
2546 2800 2642 2896 3),

628 2911 761 2976 loco
792 2910 1082 2995 obscuro,
1131 2923 1529 2976 memoratam
1551 2959 1570 2995 ,
1610 2911 1716 2976 alii
1753 2924 2132 2978 conventum
2168 2912 2234 3003 4)
2260 2917 2648 3001 jureconsul-

628 3035 834 3089 torum
874 3023 953 3089 ad
990 3025 1095 3109 jus
1134 3024 1559 3089 definiendum
1583 3072 1600 3107 ‚
1630 3025 1738 3090 alii
1774 3025 1880 3110 jus
1910 3048 1945 3091 e
1986 3027 2167 3092 rebus
2214 3030 2506 3095 similiter
2526 3031 2652 3115 ju—

629 3137 841 3204 dicatis
869 3149 1083 3203 natum
1111 3138 1465 3222 intelligunt
1490 3134 1578 3225 5).
1620 3138 1929 3225 Responsa
1969 3141 2346 3227 prudentum
2373 3142 2463 3233 6)
2491 3144 2653 3210 diei-

629 3274 768 3316 mus
786 3303 802 3336 ,
835 3275 972 3340 quae
988 3252 1391 3337 jureconsulti
1407 3300 1424 3335 ,
1447 3252 1735 3339 rescripta
1755 3252 2115 3340 Principum
2132 3304 2149 3339 ,
2173 3279 2311 3344 quae
2329 3257 2650 3346 Principes

627 3363 705 3429 de
745 3367 1003 3454 singulis
1043 3367 1206 3451 juris
1234 3367 1674 3454 quaestionibus
1712 3366 1956 3434 dabant.
1997 3372 2073 3434 In
2112 3371 2652 3438 constitutionibus

624 3478 1014 3565 distinguunt
1035 3480 1347 3565 generales
1368 3479 1570 3569 (leges
1589 3480 1873 3546 edictales
1888 3531 1905 3565 ,
1936 3482 2135 3548 edicta
2158 3482 2185 3571 )
2213 3495 2275 3548 et
2304 3488 2650 3572 personales

627 3590 983 3682 (mandata,
1013 3590 1328 3682 decreta),
1371 3615 1493 3681 quo
1544 3595 1728 3660 etiam
1766 3596 2096 3661 trahuntur
2140 3598 2430 3685 rescripta
2460 3597 2554 3689 7).

696 3752 747 3816 1)
770 3754 847 3803 Cf.
870 3753 1111 3804 Mackeld.
1137 3751 1182 3822 §.
1206 3754 1290 3804 52.
1320 3755 1395 3804 Ad
1416 3757 1549 3805 vocis
1570 3774 1715 3807 umrn
1737 3759 2024 3808 referendus
2039 3760 2137 3809 loc.
2158 3760 2263 3809 Cic.
2278 3779 2338 3825 p.
2364 3763 2492 3812 Coec.
2513 3764 2564 3827 2,
2583 3792 2649 3802 —-

629 3848 688 3888 ut
702 3857 805 3889 non
820 3843 881 3890 de
896 3843 1211 3907 improbitate
1222 3861 1266 3893 s.
1278 3845 1479 3893 AEbutii
1496 3848 1587 3895 sed
1601 3848 1793 3909 dejure
1816 3849 1958 3896 civili
1961 3849 2223 3911 judicium
2243 3850 2363 3913 fieri
2373 3853 2649 3903 m'dmtur.

627 3928 701 3976 Cf.
725 3934 777 3976 et
803 3929 908 3978 Liv.
932 3932 993 3996 9,
1017 3933 1109 3999 46,
1130 3934 1275 3983 civile
1286 3935 1672 3999 jus-wulqam't.
1692 3932 1752 3978 -'-
1775 3937 1827 3999 2)
1848 3937 1910 3984 V.
1930 3937 2081 3985 Bach.
2106 3937 2249 3986 Ha'st.
2273 3938 2505 4004 Jun'spr.
2532 3942 2567 3988 l.
2595 3942 2649 3989 2.

625 4033 675 4065 c.
702 4015 812 4064 2⁸.
838 4019 886 4067 2.
907 4016 951 4087 §.
973 4022 997 4069 1
1016 4058 1031 4085 ,
1066 4022 1208 4084 Ilugo
1247 4022 1424 4071 Gunela·
1458 4024 1512 4070 d.
1550 4022 1621 4071 R.
1659 4022 1728 4073 R.
1757 4021 1802 4091 §.
1833 4023 1897 4071 59
1930 4030 1982 4072 et
2002 4024 2114 4075 106.
2156 4053 2221 4064 —
2247 4028 2300 4090 ὅ)
2334 4028 2418 4075 Fr.
2443 4030 2493 4076 Ξ.
2519 4026 2570 4095 §-
2593 4030 2644 4078 5.

627 4107 790 4174 Diqq.
810 4108 857 4159 1.
880 4108 928 4158 Ξ.
957 4138 1014 4149 -
1035 4110 1087 4174 4)
1108 4113 1332 4174 Eumque
1352 4111 1497 4173 vulgo
1520 4111 1583 4158 ad
1616 4114 1854 4177 templum
1879 4113 2118 4179 Apollinis
2133 4151 2151 4180 ,
2177 4117 2239 4165 ad
2270 4133 2374 4167 rem
2396 4118 2647 4176 trahentes
