3111 4829
1303 411 1558 501 (127¹)

424 550 737 636 adpellans
759 596 777 631 ,
804 548 1111 614 incertum
1142 545 1481 632 relinquit,
1520 566 1607 610 an
1640 545 1838 610 tribus
1869 546 2081 631 populi
2100 568 2136 611 a
2174 546 2442 612 Romulo

423 663 775 728 constitutas
800 711 817 745 ‚
845 661 1098 725 omnino
1124 710 1142 743 ‚
1175 682 1255 725 an
1292 660 1591 746 populum
1639 670 1781 724 ante
1825 659 2107 725 Servium
2151 661 2218 724 in
2247 661 2445 727 tribus

426 775 680 841 divisam
706 774 1050 841 crediderit.
1080 775 1242 842 Vero
1269 775 1617 861 proximum
1645 774 1824 839 facile
1855 774 2088 840 diceres
2111 824 2130 859 ,
2175 776 2446 862 singulas

418 889 700 975 equitum
727 889 1034 953 centurias
1055 911 1091 953 e
1117 888 1380 974 singulis
1398 888 1609 952 tribub
1619 910 1691 953 us
1716 888 1958 974 petitas,
1985 909 2110 952 suae
2134 911 2447 976 quamque

424 1000 621 1065 tribus
647 1022 873 1065 nomen
901 999 1185 1065 habuisse
1209 1051 1227 1085 ,
1273 1001 1593 1088 tribusque
1625 1002 1839 1088 populi
1871 1011 1933 1065 et
1964 999 2247 1089 equitum
2283 1024 2448 1069 cen-

428 1115 616 1178 turias
643 1115 828 1179 simul
853 1114 1072 1179 iisdem
1093 1115 1449 1180 nominibus
1471 1114 1795 1181 institutas..
1844 1116 2150 1181 Caeterum
2171 1164 2188 1198 ‚
2212 1126 2275 1179 et
2303 1117 2449 1181 alias
2533 1110 2543 1118 ”

425 1225 679 1293 obscura
717 1239 806 1292 est
847 1226 1156 1292 divisionis
1183 1228 1350 1292 illius
1385 1228 1537 1292 ratio
1566 1275 1583 1309 ‚
1626 1238 1688 1291 et
1734 1227 1929 1313 quaeri
1967 1226 2135 1292 haud
2184 1226 2449 1303 absurde

423 1349 618 1424 potest
640 1388 658 1423 ‚
680 1362 760 1404 an
780 1340 975 1432 tribus
995 1340 1207 1427 populi
1227 1339 1399 1404 urbis
1420 1327 1616 1403 ‘etiam
1639 1340 1996 1425 regionibus
2024 1339 2324 1406 distinctoe
2347 1340 2449 1429 6),

423 1472 626 1541 neque
662 1453 780 1519 hoc
815 1456 1012 1520 solum
1035 1501 1055 1537 ,
1091 1450 1229 1537 sed,
1262 1475 1403 1517 vere
1445 1451 1657 1537 populi
1696 1473 1732 1515 e
1792 1451 2082 1536 stirpibus
2137 1463 2244 1516 aut
2284 1453 2450 1520 civili

424 1566 775 1631 conditione
796 1616 814 1652 ‚
865 1589 948 1632 an
1001 1567 1205 1652 potius
1252 1565 1582 1651 regionum
1626 1562 1934 1628 distinctio
1978 1565 2186 1629 fuerit.
2221 1565 2451 1647 Quan-

344 1696 351 1703 '
424 1701 612 1766 quam
636 1729 654 1763 ,
701 1680 915 1766 populi
937 1680 1152 1763 fuisse,
1198 1690 1260 1743 et
1323 1677 1472 1743 alias
1519 1676 1715 1742 multo
1782 1688 1870 1742 est
1913 1677 2331 1764 probabilius,
2392 1691 2452 1745 et

427 1792 509 1857 ob
564 1794 693 1879 ipsa
734 1794 1013 1858 tribuum
1060 1793 1333 1858 nomina.
1394 1793 1486 1858 De
1536 1791 1764 1878 quibus
1799 1792 2068 1878 vulgaris
2107 1793 2314 1878 opinio
2347 1791 2451 1882 7),

424 1905 887 1976 Rhamnous-em
911 1956 929 1990 ,
951 1908 1264 1972 Romanos
1306 1906 1686 1992 complexam
1711 1955 1728 1989 ‚
1784 1929 1819 1971 a
1844 1906 2113 1971 Romulo
2128 1956 2147 1991 ‚
2193 1908 2444 1973 Tatien-

427 2041 588 2103 sem,
655 2020 911 2084 Sabinos
980 2019 1365 2105 complexam
1390 2067 1408 2103 ‚
1466 2042 1505 2083 a
1563 2018 1767 2100 Tatio,
1813 2020 2123 2084 Lucerum
2173 2022 2410 2088 tribum
2434 2070 2452 2104 ‚

425 2134 690 2219 reliquos
757 2133 919 2197 cives
980 2131 1365 2216 complexam
1402 2177 1421 2213 ‚
1498 2152 1535 2194 a
1616 2129 1776 2194 duce
1847 2130 2118 2216 quodam
2148 2180 2167 2216 ‚
2246 2133 2449 2198 Lucu-

427 2268 610 2312 mone
633 2294 687 2330 ,,
725 2255 834 2310 aut
898 2266 938 2310 a
1008 2244 1149 2308 luco
1177 2291 1196 2327 ‚
1255 2242 1366 2306 ubi
1430 2242 1671 2328 asylum
1759 2242 2065 2308 Romulus
2141 2247 2448 2331 aperuisse

426 2362 623 2427 fertur
646 2357 759 2447 8),
786 2378 1015 2423 nomen
1060 2356 1302 2423 traxisse
1334 2351 1424 2443 9).
1452 2353 1576 2421 Sed
1618 2356 2031 2422 recentiorum
2074 2361 2272 2429 acutis
2296 2383 2451 2428 con-

419 2477 679 2562 jecturis
706 2474 968 2541 mirifice
996 2475 1192 2560 placet
1217 2471 1585 2541 Volumnius
1618 2469 1729 2560 10)
1756 2521 1773 2554 ,
1803 2473 1912 2537 illa
1935 2474 2232 2542 vocabula
2256 2479 2453 2545 'rusca

428 2591 660 2657 faciens
675 2587 804 2677 11).
818 2589 1091 2675 Singulis
1102 2587 1430 2652 tribubusa
1445 2586 1717 2652 Romulo
1733 2586 2061 2652 tribunum
2080 2588 2426 2681 (φίλαρχος)
2437 2638 2455 2675 ,

429 2703 689 2790 singulis
733 2702 921 2768 curiis
983 2702 1304 2767 curionem
1364 2701 1727 2787 praefectum
1762 2722 1932 2786 esse,
1993 2701 2258 2769 traditur
2312 2704 2447 2793 12).
2559 2739 2570 2748 ·

431 2817 643 2885 Curias
659 2840 697 2883 a
717 2818 903 2903 raptis
922 2817 1165 2883 Sabinis
1179 2815 1507 2902 adpellatas
1520 2865 1538 2901 ,
1560 2837 1708 2881 cum
1720 2817 1856 2881 aliis
1865 2828 2079 2883 auctor
2090 2819 2297 2883 Livius
2320 2824 2350 2885 1
2362 2816 2453 2908 3).
2495 2863 2498 2866 π

503 3034 552 3099 1)
580 3034 655 3083 Cf.
680 3033 830 3099 Prop.
852 3031 884 3082 4
905 3068 921 3097 ,
943 3033 1000 3097 1,
1025 3032 1185 3081 31.-
1204 3033 1257 3096 2)
1282 3033 1417 3081 Fest.
1436 3049 1465 3081 a
1489 3048 1620 3081 curo
1633 3031 1789 3079 dictas
1803 3032 1951 3097 facit,
1975 3032 2226 3096 itemque,
2246 3037 2304 3082 ut
2322 3033 2459 3082 vide·

428 3120 512 3164 tur
528 3150 545 3179 ,
570 3115 731 3163 Varro
754 3116 815 3163 da
838 3115 900 3163 L.
923 3115 986 3163 L.
1013 3130 1065 3178 p.
1090 3113 1174 3162 37.
1192 3107 1214 3178 '3
1240 3118 1357 3162 sunt
1374 3114 1463 3176 qui
1488 3129 1516 3161 a
1540 3095 1696 3177 κυρία
1720 3110 2057 3178 malina—15)
2081 3110 2145 3159 V.
2168 3110 2372 3178 Dionys.
2395 3114 2456 3179 2,

431 3202 487 3252 7.
507 3230 567 3240 -
586 3202 639 3266 4)
662 3202 739 3252 Cf.
763 3204 946 3252 Aaou.
972 3201 1035 3250 ad
1069 3201 1174 3250 Cic.
1220 3199 1400 3249 Van-A
1419 3237 1435 3264 ‚
1470 3201 1521 3250 5.
1547 3229 1610 3238 —
1634 3200 1688 3264 5)
1715 3200 1816 3251 Sex
1837 3202 1954 3248 s‘tem
1991 3200 2126 3248 aua·
2164 3203 2458 3267 centurias,

433 3295 597 3345 tribu
615 3313 651 3346 a
668 3295 891 3347 Romulo
906 3295 1157 3343 inuentis
1176 3327 1194 3354 ‚
1229 3291 1325 3340 sub
1359 3293 1539 3340 s's'sdsus
1552 3327 1569 3356 ,
1594 3290 1781 3355 quibus
1803 3293 2134 3355 issa-aqum&
2152 3298 2301 3341 smne
2312 3327 2333 3356 ‚
2374 3308 2465 3342 sso-

432 3385 661 3454 ssss‘ns'bsss
689 3385 834 3450 feeit.
857 3411 919 3422 -
942 3382 996 3449 6)
1032 3382 1106 3430 Cf.
1131 3382 1356 3446 Onuphr.
1379 3381 1532 3430 Panv.
1563 3381 1718 3433 Thes.
1744 3382 1911 3430 Groev.
1934 3397 1985 3429 v.
2036 3378 2087 3428 5.
2111 3396 2164 3446 p.
2183 3379 2300 3429 347.
2325 3408 2384 3419 --
2404 3378 2459 3442 7)

436 3475 512 3524 Cf.
538 3475 644 3525 Cic.
669 3477 731 3525 de
749 3475 882 3539 Rop.
900 3474 961 3538 2,
985 3472 1034 3521 8.
1052 3499 1110 3508 -
1132 3471 1184 3536 8)
1207 3470 1313 3519 Liv.
1343 3470 1403 3537 1,
1427 3469 1478 3518 8.
1503 3468 1635 3534 -9)
1659 3470 1722 3519 V.
1757 3469 1984 3533 onuphr.
2006 3469 2048 3517 l.
2074 3468 2247 3517 σκιὴ.
2274 3468 2299 3517 1
2328 3470 2459 3533 ,13,

436 3566 692 3615 Lucerum
710 3567 933 3614 nominis
948 3570 995 3611 et
1009 3563 1227 3626 ors‘qs'm's
1247 3576 1406 3609 causa
1428 3563 1623 3608 incerta
1643 3567 1795 3608 asta-
1814 3557 1897 3624 10)
1918 3558 2064 3622 Apud
2079 3558 2224 3606 Vas-r.
2245 3558 2306 3606 do
2324 3558 2386 3607 L.
2399 3559 2461 3610 L.

437 3654 471 3704 4
486 3692 502 3715 ,
523 3653 574 3703 9.
596 3683 654 3692 -
675 3653 760 3718 11)
779 3654 843 3702 V.
867 3652 1011 3703 Nieb.
1029 3668 1080 3700 v.
1102 3651 1151 3699 1.
1170 3650 1348 3716 1:325.
1374 3649 1423 3698 Is
1440 3686 1457 3712 ‚
1476 3649 1620 3697 initio
1641 3663 1793 3697 unam
1814 3646 1962 3695 modo
1974 3646 2164 3695 tribum
2187 3684 2203 3711 ‚
2228 3648 2463 3711 patricios

433 3745 665 3795 videlieet
684 3744 981 3807 eosdernque
1004 3741 1283 3792 sacerdotes
1302 3778 1318 3805 ‚
1343 3740 1396 3789 in
1415 3746 1591 3788 senatu
1604 3775 1620 3802 ,
1639 3755 1729 3803 per
1761 3743 1963 3787 centum
1984 3737 2180 3787 scilicet
2199 3745 2465 3808 senatores,

435 3841 834 3901 repraesentatam
857 3851 989 3898 esse,
1022 3833 1116 3882 sibi
1137 3831 1377 3898 persuasit
1390 3847 1406 3896 3
1445 3829 1722 3879 sacerdotes
1745 3833 1912 3876 autem
1930 3826 2146 3876 Luceres
2167 3828 2317 3880 fuisse
2339 3868 2356 3895 ,
2379 3849 2465 3881 no·

435 3944 551 3977 men
561 3927 682 3978 adeo
693 3926 850 3975 videri
867 3941 1075 3990 arguere
1090 3940 1104 3991 3
1130 3924 1342 3973 Luceres
1363 3923 1496 3970 enim
1513 3920 1612 3969 dici
1627 3956 1643 3985 ‚
1661 3926 1897 3981 tanquam
1914 3916 2088 3981 Luqer
2107 3917 2317 3982 (lachem
2332 3959 2347 3986 ‚
2364 3930 2464 3982 etc,

402 4071 411 4086 ,
434 4019 676 4083 cernere)
705 4054 722 4080 ‚
740 4032 801 4065 eo
823 4017 978 4080 magis
999 4015 1214 4080 potuisse
1231 4051 1249 4078 ‚
1273 4013 1507 4078 quoniam
1531 4009 1729 4078 patricii
1748 4009 1916 4058 futura
1933 4007 2161 4074 auspiciis
2182 4011 2350 4062 videre
2372 4011 2465 4062 sibi

433 4107 547 4160 unis
567 4108 845 4173 arrogat-int
889 4108 975 4174 (v.
998 4102 1043 4174 ξ.
1083 4105 1165 4159 80.
1185 4105 1261 4159 Cf.
1280 4104 1428 4160 Nieh.
1454 4119 1488 4171 p
1527 4101 1650 4169 88.)
1683 4098 1869 4168 Quidni
1889 4100 2062 4152 colem
2086 4098 2209 4150 «lure
2229 4107 2464 4166 tanquam
