3111 4829
1521 389 1736 474 (78)

603 516 856 603 insuper
908 518 1175 585 detracta
1199 569 1216 603 ,
1264 530 1449 609 atque
1489 522 1559 588 in
1605 522 1737 611 ipso
1786 523 2197 592 exheredandi
2237 549 2384 613 Jure
2439 553 2642 619 pauca

602 632 793 717 patris
817 632 1068 698 arbitrio
1091 634 1306 700 relicta
1330 647 1473 700 sunt
1508 639 1548 699 7
1565 634 1611 724 ).

672 798 736 864 1)
765 802 963 872 Dionys.
987 806 1049 873 8,
1071 807 1137 858 70
1166 842 1184 868 ‚
1210 800 1487 880 Ῥωμαίοις
1512 801 1621 884 γᾶρ
1648 803 1802 866 ον’ἒνὺ
1834 803 1963 868 ἴδιῖν
1998 810 2079 873 ὅτι
2109 812 2304 887 ιιι-ἢκ
2324 809 2529 890 {dorm
2561 810 2646 876 ’ἔτι

607 900 709 957 τοῦ
745 899 1015 982 raerc'pm,
1045 905 1203 968 α’λλᾶ
1233 908 1328 970 zai
1365 908 1440 970 1·αέ
1469 910 1741 991 χρῆμαιτιι
1766 911 1862 974 zai
1886 912 1964 975 ra*
1998 912 2239 991 ow'pmrae
2269 921 2372 978 τοῦ
2404 918 2612 980 παίδων
2630 967 2649 998 ,

604 998 637 1067 ἶ
682 1031 739 1064 τι
775 1007 1063 1078 βώλοις-ιιι
1115 1012 1432 1079 διειπθῖηιι
1462 1020 1576 1085 τοῖς
1622 1018 1890 1101 πετραία-η
1943 1020 2308 1085 ἀποδίδοται.
2342 1030 2420 1081 Cf·
2448 1030 2562 1080 Seu·
2586 1031 2651 1080 de

608 1107 781 1161 Renes.
809 1113 871 1177 7,
900 1114 962 1180 4,
996 1117 1113 1169 Arr.
1140 1121 1661 1191 DammEptcte,
1688 1126 1770 1176 10.
1793 1127 1855 1176 v,
1880 1127 2025 1176 nain.
2061 1129 2131 1192 a,
2153 1127 2297 1194 9,1.
2335 1155 2396 1166 -
2417 1126 2482 1191 2)
2506 1125 2570 1174 V·
2599 1123 2647 1195 §-

608 1198 704 1248 ule.
737 1202 931 1254 lmen.
965 1208 1028 1256 ae
1050 1226 1169 1260 nox.
1201 1220 1300 1261 σοι.
1331 1214 1475 1263 Ποῖ...
1503 1216 1562 1281 1,
1598 1215 1660 1281 0,
1688 1217 1768 1265 10.
1788 1245 1849 1254 -
1868 1218 1930 1284 3)
1956 1218 2032 1268 cr.
2059 1220 2143 1285 οι]
2167 1219 2228 1283 2,
2262 1218 2376 1269 1⁰6.
2399 1242 2461 1257 --—
2481 1213 2550 1281 ⁴)
2568 1213 2646 1264 Cf·

611 1289 724 1354 Ulp.
744 1291 782 1340 1.
809 1292 857 1343 1.
876 1310 956 1360 pr.
978 1299 1040 1347 do
1059 1308 1167 1350 test.
1183 1303 1295 1352 mil.
1314 1309 1366 1353 et
1381 1304 1564 1354 Juven.
1581 1306 1693 1357 Sat.
1714 1307 1808 1372 16,
1832 1308 1916 1357 52.
1940 1323 2053 1374 sqq.
2072 1335 2135 1346 —
2152 1308 2216 1374 5)
2239 1308 2304 1357 V.
2324 1307 2471 1358 Heia.
2492 1306 2557 1371 2,
2575 1304 2610 1356 9
2626 1343 2644 1372 ,

614 1379 667 1428 2.
685 1381 761 1431 cf.
782 1384 1068 1456 Haekeldey
1087 1391 1270 1443 Lehrb.
1294 1396 1380 1444 dee
1396 1397 1534 1445 beat.
1564 1413 1705 1446 ’τι-1η.
1721 1394 1905 1447 Rechts
1922 1394 1968 1466 §.
1985 1397 2102 1449 402.
2119 1426 2179 1438 -
2197 1397 2263 1464 6)
2286 1397 2345 1446 1..
2370 1394 2420 1446 1.
2445 1397 2568 1448 cod.
2583 1396 2648 1444 de

613 1468 731 1521 bon.
753 1483 879 1525 mat.
897 1478 1039 1545 -7)
1065 1481 1128 1529 V.
1147 1482 1294 1533 Hein.
1318 1485 1342 1534 1
1362 1522 1378 1549 ,
1402 1485 1463 1551 9,
1486 1486 1571 1535 10.

704 1638 810 1705 86.
861 1641 1011 1706 Jure
1053 1645 1361 1712 vendendi
1406 1649 1585 1714 liberi
1620 1650 1804 1715 servis
1840 1652 1985 1737 ipsis
2007 1675 2095 1718 -eo
2136 1665 2313 1719 erant
2348 1652 2648 1719 deteriore

612 1750 999 1839 conditione,
1039 1758 1205 1844 quod
1242 1761 1491 1825 nonnisi
1522 1772 1614 1826 ter
1638 1762 1870 1828 venditi
1898 1767 2086 1851 patris
2109 1768 2385 1853 potestati
2413 1768 2649 1833 exime-

610 1861 858 1931 bantur.
905 1869 1040 1934 Hoc
1069 1870 1177 1954 jus
1216 1894 1252 1937 a
1290 1875 1717 1961 Diocletiano,
1760 1889 1830 1942 ut
1872 1890 2080 1944 censet
2122 1877 2647 1968 Heineocius'l),

610 1977 919 2046 sublatum
942 2029 960 2063 ,
993 1982 1426 2053 Constantinus
1445 1990 1527 2055 M.
1561 2000 1815 2055 eatenus
1836 1993 2103 2060 restituit
2121 2042 2139 2077 ,
2171 1991 2338 2080 quod
2361 1993 2649 2079 inopibus

614 2093 1111 2177 sanguinolentos
1142 2096 1214 2188 (a
1245 2112 1441 2166 matre
1473 2103 1806 2193 rubentes)
1838 2106 2106 2173 vendere
2134 2109 2441 2195 permisit,
2474 2130 2648 2193 mox,

558 2240 569 2253 »
613 2227 695 2269 ne
731 2206 996 2273 vendere
1035 2225 1436 2299 cogerentur,
1488 2218 1798 2283 alimentis
1850 2220 1929 2286 de
1975 2223 2225 2309 publico
2265 2223 2608 2288 constitutis
2630 2272 2647 2306 ,

612 2319 955 2405 providens.
986 2324 1188 2391 Patria
1218 2339 1475 2413 potestas
1503 2354 1614 2418 per
1635 2333 1823 2399 vitam
1847 2334 2078 2401 durans
2105 2347 2305 2400 morte
2333 2337 2501 2401 civili
2523 2336 2648 2402 sive

608 2433 851 2518 jactura
870 2437 1128 2503 civitatis
1150 2439 1176 2530 (
1189 2444 1249 2527 §.
1277 2441 1426 2532 68.)
1450 2446 1704 2512 alterius
1721 2447 1841 2513 hoc
1862 2471 2025 2514 nexu
2045 2448 2522 2534 conjunctorum
2543 2446 2649 2540 2),

611 2544 878 2635 ideoque
908 2548 1167 2616 durante
1189 2555 1536 2640 captivitate
1558 2572 1767 2625 cessat.
1790 2561 2085 2626 Praeterea
2116 2583 2258 2626 vero
2282 2562 2498 2632 eadem
2518 2564 2649 2628 sine

614 2664 1101 2748 emancipatione
1132 2668 1325 2754 Virgo
1362 2670 1623 2738 Vestalis
1656 2684 1718 2739 et
1759 2675 2010 2738 Flamen
2040 2675 2266 2755 Dialis,
2294 2676 2410 2739 sub
2442 2676 2646 2741 Caesa-

614 2774 786 2839 ribus
808 2786 1015 2842 autem
1042 2789 1104 2843 et
1140 2780 1272 2844 aliis
1302 2781 1735 2869 dignitatibus,
1761 2796 1832 2850 ut
1854 2786 2246 2871 patriciatus,-
2275 2786 2484 2853 donati
2514 2787 2649 2853 exi-

615 2889 945 2977 mebantur
968 2888 1066 2979 3).
1095 2894 1480 2981 Magistratus
1501 2898 1715 2984 etiam,
1740 2898 1892 2964 dum
1916 2922 2179 2966 munere
2199 2901 2614 2989 fungerentur
2630 2953 2647 2985 ,

616 3015 880 3068 exemtos
922 3004 1142 3090 fuisse,
1183 3029 1217 3072 e
1256 3008 1460 3095 Livio,
1490 3012 1587 3097 11,
1621 3015 1729 3098 41,
1753 3013 2075 3101 colligunt.
2115 3015 2402 3103 Denique
2449 3017 2648 3103 patria

614 3128 873 3202 potestas
915 3121 1231 3188 voluntate
1263 3122 1466 3209 illius,
1510 3127 1620 3191 cui
1659 3139 1829 3212 erat,
1878 3129 2183 3214 cessabat,
2221 3152 2330 3213 eo,
2358 3130 2426 3193 in
2458 3152 2650 3217 quem

616 3242 781 3316 erat,
822 3234 918 3298 vel
955 3236 1444 3323 emancipatione
1472 3240 1762 3325 liberato,
1797 3243 1893 3307 vel
1922 3242 2255 3330 adoptione
2291 3244 2359 3308 in
2397 3243 2653 3310 alterius

615 3356 977 3431 potestatem
1027 3350 1268 3416 tradito·
1324 3352 1417 3418 De
1464 3364 1730 3442 utroque
1779 3356 2059 3424 instituto
2108 3357 2402 3445 deinceps
2457 3377 2654 3441 expo-

616 3459 915 3528 nendum.

685 3624 747 3689 1)
773 3626 798 3676 1
823 3662 840 3691 ,
863 3626 925 3690 0,
949 3626 1081 3676 0.-
1103 3626 1867 3697 2)v.nein.1‚12,2.rau1.
1888 3629 2334 3697 Sanamem-9,
2357 3625 2656 3695 wama-

622 3721 698 3762 ιω
718 3714 781 3764 αι,
799 3716 1027 3768 nomm
1046 3727 1229 3785 captus
1250 3707 1440 3771 mie
1465 3721 1645 3772 naim
1659 3724 1796 3788 fluo,
1812 3727 1871 3774 ε..
1887 3730 2146 3789 pomum.
2165 3749 2227 3760 -
2245 3719 2308 3784 a)
2333 3717 2397 3768 V.
2417 3718 2563 3771 nain.
2591 3720 2615 3769 1
2639 3758 2657 3786 ,

623 3801 714 3870 12,
741 3803 822 3854 14.
846 3822 923 3870 sq.

714 3970 825 4034 87.
874 3971 1296 4061 Emancipatio
1339 3976 1832 4068 (emancipare),
1863 3983 1987 4066 q'ua
2034 4001 2071 4044 e
2121 3978 2317 4065 patria
2363 3988 2659 4070 potestate

631 4094 862 4151 exeunt
911 4086 1129 4174 suique
1172 4089 1333 4174 juris
1374 4092 1535 4159 fiunt
1582 4095 1743 4162 cives
1789 4094 2082 4179 Romani,
2126 4113 2355 4196 nomen
2393 4093 2578 4159 habet
2619 4114 2657 4158 a
