3111 4829
1530 369 1563 451 '(
1607 367 1728 431 416
1767 366 1799 452 )

653 510 1005 586 persecutus
1060 498 1398 587 disciplinae
1458 513 1659 587 partes
1721 501 1749 592 (
1767 501 1845 567 de
1904 498 2179 567 Natura
2227 497 2557 580 Deorum,
2606 503 2688 568 de

638 615 939 680 Finibus
970 615 1276 680 honorum
1311 626 1377 680 ec
1406 617 1735 680 malorum
1758 663 1774 688 ,
1809 614 1885 680 de
1913 615 2339 680 Divinatione
2359 663 2383 692 ,
2430 617 2510 680 de
2547 616 2687 681 Le—

648 729 877 817 pihue,
911 727 988 792 de
1026 726 1319 815 Officiis,
1363 726 1519 818 etc.)
1545 779 1563 812 ‚
1611 725 1793 794 simul
1834 731 2070 816 primus
2110 731 2390 816 linguam
2426 730 2685 796 latinam

646 840 1046 929 philosophiae
1093 841 1423 908 tractandae
1464 844 1724 907 feliciter
1772 843 2227 929 adtemperavit.
2272 841 2322 907 E
2370 843 2684 909 Caesarum

648 967 823 1019 aetate
869 966 1157 1041 superant
1205 957 1270 1019 L.
1330 956 1401 1020 A.
1458 957 1746 1039 Senecae,
1787 939 1958 1021 'stoici
1986 1005 2003 1040 ‚
2055 957 2199 1022 libri
2246 957 2324 1021 de
2371 956 2549 1034 Ira,
2600 958 2682 1023 do

659 1069 1018 1134 Clementia
1046 1115 1065 1142 ‚
1102 1071 1179 1133 de
1202 1067 1638 1134 Providentia
1659 1118 1682 1146 ,
1711 1071 1787 1134 de
1812 1062 2167 1160 Beneficiis
2189 1118 2214 1147 ,
2236 1073 2340 1136 alii
2363 1121 2379 1155 ,
2404 1094 2439 1136 e
2460 1074 2685 1139 saeculo

652 1182 921 1249 secundo
948 1169 1012 1248 L.
1039 1183 1288 1269 Apuleji
1313 1184 1389 1248 de
1412 1184 1699 1259 Mundo,
1727 1183 1803 1249 de
1826 1186 1962 1249 Deo
1984 1183 2279 1250 Socratis
2291 1232 2316 1261 ,
2358 1186 2434 1249 de
2459 1187 2680 1252 Habi-

642 1297 877 1362 *tudine
899 1295 1379 1361 Doctrinarum
1401 1310 1465 1362 et
1478 1293 1589 1362 Na
1599 1301 1783 1362 licita
1793 1310 1847 1362 to
1858 1298 1990 1363 Pla
1999 1302 2182 1364 tonis.
2199 1301 2291 1365 De
2310 1299 2669 1364 Christianis

651 1412 1041 1498 scriptoribus
1089 1422 1296 1476 autem
1353 1409 1457 1477 hic
1507 1412 1870 1478 nominandi
1925 1413 2272 1497 Arnobius,
2331 1415 2680 1480 Lactantius

649 1526 1030 1609 Fir-mimus,
1075 1523 1172 1588 bis
1217 1524 1506 1611 posterior
1544 1526 1961 1613 AugustinuS,
2004 1537 2067 1591 et
2108 1528 2403 1592 saeculum
2445 1539 2684 1594 sextum

647 1642 955 1727 attingens
981 1638 1272 1703 Boethius
1306 1637 1332 1729 (
1347 1635 1406 1720 §.
1442 1637 1634 1727 410.)
1670 1637 1757 1704 Ex
1791 1651 1960 1726 parte
1994 1640 2144 1705 item
2165 1640 2292 1706 huc
2318 1641 2683 1708 referendus

646 1756 979 1820 Martianus
1010 1751 1273 1838 Capella.

715 1891 767 1957 1)
792 1891 984 1940 (Is-Cic.
1013 1890 1081 1939 T.
1103 1890 1179 1939 D.
1204 1888 1226 1938 1
1250 1926 1265 1953 ,
1295 1887 1330 1938 3
1350 1926 1365 1954 ‚
1388 1890 1711 1955 philosophia
1723 1891 1897 1955 jacuit
1913 1904 2074 1957 usquc
2096 1889 2168 1942 ad
2186 1894 2319 1942 hanc
2341 1900 2556 1956 (elatem,
2580 1908 2682 1943 nee

643 1983 815 2033 allum
847 1981 1219 2031 habetatum
1241 1981 1531 2029 litterarum
1555 1983 1869 2046 latinarum,
1896 1988 1995 2031 cte.
2013 2010 2078 2022 —
2099 1984 2153 2048 2)
2178 1983 2254 2032 cf.
2279 1984 2409 2033 ven.
2434 1983 2493 2049 1,
2521 1983 2605 2033 15.

735 2126 883 2189 418.
933 2120 1386 2186 Mathematicus
1408 2120 1756 2206 disciplinas
1788 2143 1904 2185 nec
1945 2133 2328 2187 contemsere
2357 2123 2676 2210 Romani,

641 2258 758 2302 nec
788 2236 1098 2322 insignem
1123 2235 1449 2300 utilitatem
1479 2235 1764 2320 ignorare
1788 2246 2117 2320 potuerunt
2165 2233 2268 2324 1);
2313 2236 2418 2300 sed
2453 2258 2634 2303 usum
2653 2287 2674 2323 ,

641 2353 830 2419 veluti
873 2353 939 2416 in
981 2371 1047 2417 rc
1099 2348 1353 2414 militari
1398 2360 1459 2414 et
1503 2347 1953 2434 architectura,
1982 2351 2393 2437 'potissimum
2439 2353 2675 2438 secuti,

642 2467 959 2531 scientiam
1004 2488 1040 2531 a
1087 2461 1315 2528 Graecis
1370 2475 1684 2550 acceptam
1730 2484 1950 2550 parum
1993 2478 2436 2552 provexerunt,
2493 2465 2679 2554 pauci

644 2578 1029 2666 geographiae
1051 2588 1110 2642 et
1131 2579 1514 2642 astronomiae
1538 2577 1737 2642 studio
1760 2577 1972 2643 dediti.

729 2695 898 2757 Inter
928 2691 1274 2777 superstites
1294 2692 1612 2776 scriptores
1631 2740 1648 2773 ,
1673 2710 1824 2777 quos
1849 2688 2294 2757 mathematicis
2321 2692 2532 2778 vulgo,
2563 2690 2675 2758 sed

638 2807 819 2872 latius
842 2856 859 2890 ,
892 2828 1078 2893 quam
1116 2803 1299 2870 hodie
1324 2854 1341 2886 ,
1387 2816 1629 2868 extensa
1672 2804 1829 2868 vocis
1874 2804 2319 2889 significatione
2359 2804 2676 2869 adnume-

636 2932 812 3004 rant,
842 2919 919 2983 ad
947 2918 1417 2984 architecturam
1449 2918 1711 2982 maxime
1746 2918 2012 3003 pertinet
2032 2913 2300 2986 Vitruvii
2332 2918 2623 2982 Pollionis
2652 2968 2671 3004 ,

636 3036 751 3101 sub
806 3036 1083 3122 Augusto
1143 3033 1414 3097 florentis
1440 3081 1457 3115 ,
1512 3032 1986 3097 celeberrimum
2051 3032 2129 3095 de
2186 3030 2676 3099 Architectura

633 3174 826 3238 opus,
859 3162 919 3215 et
954 3150 1103 3214 Julii
1134 3148 1412 3214 Frontini
1454 3170 1488 3212 e
1540 3147 1760 3212 saeculo
1796 3147 1996 3231 primo
2031 3145 2109 3210 de
2135 3146 2676 3235 Aquoeductilme

631 3266 905 3348 libellus3
931 3263 1009 3327 ad
1033 3285 1165 3327 rem
1188 3262 1517 3325 militarem
1545 3260 1824 3345 ejusdem
1847 3259 2111 3324 auctoris
2131 3258 2621 3349 Strateqemata
2647 3305 2672 3336 ,

631 3390 692 3443 et
736 3400 806 3442 ex
850 3398 1005 3442 aerea
1047 3387 1219 3441 aetate
1251 3375 1494 3462 Vegetii
1537 3375 1765 3440 Renati
1801 3373 2263 3440 Institutione:
2289 3372 2418 3439 Rea·
2457 3373 2675 3439 Mili-

632 3497 846 3568 laris,
899 3513 1015 3556 nec
1059 3514 1183 3556 non
1229 3491 1490 3555 aliorum
1518 3539 1534 3570 ‚
1581 3490 1649 3554 in
1698 3487 1926 3577 quibus
1976 3491 2251 3579 Hygini,
2299 3490 2672 3577 gromatici,

629 3607 707 3672 de
737 3605 1324 3671 Castrametatione
1347 3614 1407 3669 et
1429 3603 1683 3669 Modesti
1705 3604 1782 3667 do
1807 3601 1883 3671 V
1879 3604 2173 3668 ocahulie
2202 3605 2309 3666 rei
2335 3604 2672 3668 militarie

626 3721 818 3785 libelli
842 3723 936 3784 vel
957 3722 1329 3806 fragmenta3
1355 3716 1432 3782 ad
1454 3741 1585 3782 rem
1611 3711 2128 3803 agrariam‘Siculi
2155 3715 2351 3778 Flacci
2375 3763 2390 3797 ,
2416 3716 2670 3801 Aggeni

625 3833 833 3897 Urbici
858 3883 874 3916 ‚
909 3845 970 3897 et
1014 3854 1150 3919 quae
1176 3833 1438 3896 aliorum
1465 3830 1701 3916 exiguae
1727 3840 2016 3915 superant
2037 3828 2315 3914 reliquiae
2343 3827 2676 3915 (auctores

626 3944 717 4010 rei
747 3943 1273 4031 agrimensoriae.)
1311 3946 1480 4010 lnter
1501 3946 1830 4030 astrologos
1863 3943 2146 4030 Hyginus
2181 3940 2207 4030 (
2223 3940 2283 4025 §.
2324 3944 2474 4006 416.
2495 3937 2522 4029 )
2544 3992 2561 4024 ,
2604 3954 2674 4007 et

629 4058 911 4124 Ciceroni
945 4059 1194 4144 aequalis
1235 4057 1518 4143 Nigidius
1545 4059 1840 4144 Figulus,
1883 4056 2065 4139 cujus
2098 4055 2444 4142 fragmenta
2473 4078 2670 4143 supc-
