3111 4829
1364 438 1622 521 (221)

477 575 695 660 exponi
724 574 862 640 satis
887 572 1091 639 lucide
1113 559 1306 658 potest
1332 619 1350 654 ,
1379 582 1440 634 et
1472 570 1813 656 longiorem
1838 571 2298 657 explicationem
2330 584 2490 639 vetat

472 685 605 770 jam
625 734 642 769 ,
671 710 880 752 vereor
902 736 919 770 ,
956 708 1035 750 ne
1061 686 1278 767 nimis,
1303 683 1595 769 producta
1625 683 1713 746 rei
1740 684 1949 747 notitia
1972 731 1990 767 ,
2017 707 2203 771 quarn
2224 686 2488 773 amplio-

482 820 623 862 rum
645 822 889 887 quoque
910 799 987 864 de
1008 798 1469 890 antiquitatibus
1494 796 1790 865 Romanis
1810 797 2191 862 voluminum
2215 810 2490 864 auctores

477 909 584 973 alii
610 911 869 976 omisere
892 961 909 995 ,
950 911 1055 975 alii
1084 911 1180 973 vix
1205 910 1559 996 attigerunt.
1595 908 1860 972 Certiora
1885 956 1902 990 ,
1946 930 2131 995 quam
2169 912 2490 977 Pancirol-

479 1021 576 1084 lus
605 1019 673 1113 9)
705 1033 765 1085 et
787 1021 1121 1086 Gutherius
1153 1019 1261 1107 10)
1285 1031 1536 1106 potuere
1560 1067 1578 1103 ,
1609 1018 1676 1081 in
1697 1019 2009 1083 nonnullis
2032 1067 2050 1103 ,
2073 1021 2288 1107 opinor
2309 1071 2329 1108 ,
2356 1022 2482 1088 do·-

487 1133 651 1197 cebit
675 1133 897 1224 Lydus.

548 1267 698 1333 1)cf.
723 1269 906 1334 Symm-
925 1269 988 1333 9,
1010 1270 1095 1321 69.
1117 1270 1332 1337 —2)v.
1355 1271 1419 1334 5,
1443 1271 1495 1321 4.
1515 1272 1749 1336 —5)Cl'.
1773 1273 1896 1339 Lyd.
1919 1272 1980 1335 5,
2000 1272 2055 1335 7,
2076 1273 2490 1339 qui-iugulum,

477 1335 933 1416 evyywaaepa'mvc
958 1350 1114 1400 dictos
1153 1351 1305 1415 facit,
1338 1352 1473 1415 quod
1502 1368 1604 1400 uno
1628 1353 1805 1401 veredo
1830 1337 2179 1421 ,πάρα-τος,
2213 1356 2491 1421 provincia

478 1439 712 1488 obierint.
732 1467 795 1479 ·—-
815 1439 867 1505 ⁴)
892 1439 971 1487 Cf.
991 1440 1131 1488 Fuso.
1150 1440 1262 1504 Ep.
1287 1442 1358 1489 ad
1378 1440 1512 1489 Hae.
1529 1453 1642 1505 pag.
1663 1440 1727 1489 32
1747 1447 1799 1490 et
1817 1441 1900 1491 41.
1922 1469 1986 1482 -
2005 1444 2058 1508 5)
2084 1444 2158 1493 Cf.
2182 1444 2305 1511 Lyd.
2339 1445 2400 1511 5,
2424 1446 2491 1510 9,

479 1528 563 1577 67.
583 1556 644 1566 -
663 1529 716 1593 6)
737 1528 814 1580 Cf.
835 1529 977 1578 Fuso.
994 1529 1175 1592 Epist.
1198 1544 1313 1593 pag.
1333 1528 1417 1578 51.
1438 1557 1500 1566 —
1518 1529 1573 1596 7)
1610 1530 1687 1579 Cl’.
1711 1529 1834 1597 Lyd,
1856 1532 1888 1580 5
1907 1570 1923 1595 ,
1946 1532 1998 1581 9.
2018 1561 2080 1570 —
2098 1534 2152 1600 7)
2177 1535 2252 1584 Cf.
2274 1535 2402 1601 Lyd.
2420 1535 2490 1601 5,

478 1614 512 1665 ⁴
530 1652 546 1677 ,
585 1615 649 1665 25
667 1652 683 1679 ,
725 1615 808 1665 50.
829 1644 891 1653 —-
910 1616 961 1681 9)
987 1615 1050 1665 V.
1074 1633 1126 1682 p.
1163 1614 1308 1666 1564.
1328 1633 1438 1680 sqq.
1459 1644 1520 1656 -
1547 1618 1630 1685 10)
1665 1619 1749 1669 Do
1782 1620 1972 1685 Officiis
1991 1621 2192 1673 Domus
2208 1626 2487 1690 Augusta,

481 1702 534 1750 in
562 1702 714 1752 nea.
739 1702 993 1769 Sallenqr.
1014 1704 1115 1753 vol.
1139 1703 1190 1752 ὅ.
1213 1720 1266 1770 p.
1290 1703 1526 1755 285-624.

1282 1841 1360 1885 DE
1394 1842 1694 1889 cotenus.

574 1958 725 2020 241.
779 1954 1057 2039 Caeteris,
1085 1977 1224 2042 quae
1259 1957 1335 2038 ad
1360 1981 1569 2023 rerum
1608 1960 1995 2046 publicarum
2032 1965 2156 2032 sive
2181 1967 2496 2034 adminis-

477 2069 803 2132 trationem
832 2069 954 2132 sive
980 2071 1473 2134 constitutionem
1508 2073 1850 2158 pertinent,
1885 2075 2174 2142 absolutis
2198 2128 2215 2162 ,
2260 2078 2336 2145 de
2367 2104 2489 2146 co-

479 2181 660 2244 loniis
687 2179 885 2266 deque
914 2181 1239 2266 provinciis
1272 2182 1698 2267 exponendum
1725 2197 1904 2250 restat
1929 2210 1945 2252 ε
1985 2188 2088 2253 sed
2111 2191 2491 2259 coloniarum

481 2294 549 2357 in
571 2296 910 2376 Romanas,
953 2296 1227 2379 Latinas,
1262 2296 1500 2360 Italicas
1522 2344 1540 2379 ,
1570 2298 1720 2362 item
1757 2300 1917 2383 juris
1940 2302 2321 2389 singularum
2352 2306 2491 2371 dis-

485 2406 851 2471 tinctionem
884 2417 944 2471 et
973 2407 1417 2493 rempublicam
1457 2432 1638 2496 supra
1680 2412 1994 2499 attigimus
2025 2416 2119 2508 (§.
2160 2418 2355 2508 119);
2390 2422 2493 2488 hic

484 2518 659 2606 origo
703 2539 916 2587 earum
935 2567 954 2603 ,
984 2519 1247 2606 utilitas,
1296 2521 1454 2585 etin
1482 2522 1812 2590 fundandis
1838 2531 2211 2597 consuetudo
2255 2556 2496 2602 memo-

480 2630 688 2695 randae
724 2644 1066 2718 supersunt.

567 2746 865 2832 Romani,
888 2748 1145 2817 aliarum
1176 2749 1496 2820 civitatum
1520 2756 1824 2841 exemplo,
1852 2755 1970 2823 boc
1990 2760 2069 2824 ab
2099 2762 2491 2832 incunabulis

481 2859 838 2945 reipublicae
859 2862 1208 2927 institutum
1232 2864 1548 2930 servabant
1566 2914 1585 2949 ,
1616 2879 1684 2931 ut
1708 2868 1980 2937 hostibus
2002 2873 2249 2942 devictis
2270 2902 2490 2966 agrum

483 2970 576 3059 (§.
606 2970 798 3061 252.)
821 2986 929 3061 aut
949 2975 1263 3062 integrum
1281 2989 1386 3042 aut
1408 2990 1642 3064 partem
1664 2980 2007 3049 adimerent
2028 2983 2113 3074 1).
2140 2990 2240 3057 Sic
2255 3040 2272 3074 ,
2295 2995 2490 3077 primo

481 3086 766 3168 proximis
791 3087 954 3155 circa
984 3087 1205 3153 urbem
1225 3137 1243 3171 ,
1276 3088 1498 3154 deinde
1527 3095 1952 3161 remotioribus
1980 3120 2226 3186 quoque
2251 3105 2489 3189 populis

479 3196 821 3282 debellatis,
860 3198 928 3261 in
966 3209 1156 3264 terras
1204 3199 1299 3265 his
1329 3200 1600 3269 ademtae
1638 3209 1839 3272 coloni
1883 3211 2285 3280 mittebantur
2307 3266 2325 3301 ,
2360 3220 2490 3283 sive

478 3311 697 3375 urbem
725 3311 947 3376 victam
969 3361 986 3395 ,
1020 3314 1127 3377 soli
1158 3324 1266 3378 aut
1312 3315 1495 3381 simul
1544 3340 1689 3384 cum
1717 3322 1888 3386 victis
1909 3373 1926 3407 ,
1954 3322 2316 3415 habitaturi,
2365 3332 2488 3398 sive

479 3446 695 3490 novam
756 3425 1061 3491 condituri
1126 3425 1193 3515 2)
1210 3453 1230 3513 3
1294 3430 1361 3493 in
1428 3453 1549 3517 quo
1613 3432 1834 3520 duplex
1885 3439 2236 3523 reipublicae
2293 3467 2488 3532 eaque

478 3538 738 3603 maxima
777 3539 1003 3603 utilitas
1025 3536 1120 3627 (§,
1156 3539 1346 3629 114.)
1369 3543 1575 3614 Victus
1615 3546 1784 3610 enim
1822 3548 1981 3614 inter
2004 3550 2202 3617 hostes
2223 3542 2487 3623 Romani

479 3651 635 3715 cives
666 3673 803 3717 suos
831 3664 1182 3738 spargentes
1203 3702 1220 3736 ,
1251 3666 1314 3719 et
1340 3656 1709 3743 quandoque
1743 3659 1957 3725 eadem
2005 3665 2072 3728 in
2111 3668 2263 3732 urbe
2289 3680 2488 3735 utros—

478 3785 600 3851 que
624 3765 946 3830 miscentes
965 3816 982 3850 ,
1007 3787 1154 3831 cum
1176 3770 1454 3833 subactos
1479 3792 1512 3833 a
1541 3770 1937 3839 seditionibus
1966 3776 2347 3847 deterrebant
2378 3784 2444 3873 3)
2467 3837 2488 3870 ,

478 3889 614 3942 tum
653 3881 844 3964 ipsam
886 3882 1155 3947 Romam
1200 3882 1532 3968 perniciosa
1573 3884 1805 3950 infimae
1851 3889 2044 3975 plebis
2090 3896 2486 3965 multitudine

477 3990 817 4056 liberabant
849 3990 937 4080 4).

550 4124 600 4188 1>
620 4127 695 4177 Cf.
720 4128 825 4179 Liv.
850 4130 912 4196 9,
934 4130 1017 4183 41.
1042 4163 1103 4175 -
1121 4136 1176 4201 2)
1195 4135 1270 4187 Cl'.
1295 4136 1424 4188 Vett.
1451 4137 1511 4204 1,
1531 4136 1611 4189 14.
1632 4168 1689 4178 -—
1713 4138 1766 4202 5)
1786 4140 1891 4196 eie.
1910 4140 2038 4207 ΑΨ.
2058 4144 2119 4210 2,
2144 4145 2226 4211 27,
2254 4148 2490 4200 Coloniae
