3111 4829
1564 423 1591 502 (
1631 415 1750 481 234
1792 417 1818 504 >

686 563 1017 621 memorata
1041 551 1357 638 vectigalia
1377 598 1394 635 ‚
1414 550 1908 638 provincialibus,
1928 559 2124 617 stante
2143 549 2328 618 etiam
2348 554 2665 640 republica
2680 604 2699 639 ‚

683 670 876 761 (nam
905 666 985 733 de
1006 666 1310 732 Cassarum
1331 675 1506 731 astate
1533 664 1638 730 hic
1677 683 1802 731 non
1840 666 2242 756 quaerimus‚)
2285 687 2489 757 neque
2526 670 2698 736 idem

681 782 971 848 omnibus
1014 780 1366 866 impositum
1396 780 1583 844 fuisse
1605 827 1623 863 ,
1658 778 1922 844 dubium
1959 781 2210 868 quidem
2254 803 2382 846 non
2424 795 2514 848 est
2535 832 2555 868 ‚
2591 781 2698 849 sed

679 897 862 984 quale
881 943 899 977 ‚
931 903 1244 981 quamque
1268 893 1506 958 varium
1530 939 1549 973 ‚
1586 901 1687 976 et,
1728 915 1935 958 rerum
1959 893 2141 959 modo
2166 942 2184 978 ,
2219 917 2383 960 anne
2406 917 2698 983 persona-

677 1030 822 1074 rum
864 1025 1111 1094 quoque
1152 1005 1381 1089 suerit,
1429 1005 1694 1071 difficilis
1727 1006 1982 1093 quaestio
2031 1005 2124 1097 Β).
2165 1009 2406 1075 Tributl
2446 1031 2698 1100 quoquc

678 1122 904 1208 species
922 1167 939 1203 ,
960 1139 1102 1205 quae
1120 1120 1371 1185 Rectori
1401 1119 1660 1208 ejusque
1679 1119 1997 1189 comitatui
2025 1145 2097 1189 ex
2125 1124 2265 1211 lege
2283 1121 2653 1191 conferenda
2675 1175 2695 1211 ,

677 1236 885 1319 etipsa
912 1231 1246 1298 tolerabilia
1262 1281 1281 1317 ,
1302 1232 1407 1297 sed
1428 1234 1843 1328 vexationibus
1869 1237 2379 1324 opportunissima
2403 1261 2420 1307 ε
2447 1239 2526 1305 de
2543 1240 2697 1330 qui-

675 1348 792 1416 bus
820 1347 1126 1433 praecipua
1155 1343 1289 1411 haec
1315 1346 1851 1415 animadvertenda
1875 1362 2220 1436 supersunt.

734 1556 788 1608 1)
810 1556 885 1605 Cf.
904 1556 1010 1605 Cic.
1036 1554 1186 1605 Verr-
1207 1556 1267 1622 2,
1289 1554 1375 1606 n.
1392 1556 1525 1623 δ-2)
1544 1557 1625 1608 cs.
1646 1555 1757 1608 Cic.
1780 1560 1854 1610 Μ
1874 1560 1944 1626 Q.
1962 1558 2138 1612 Fmtr.
2156 1561 2182 1613 ‘l
2205 1589 2223 1626 ,
2248 1561 2273 1613 Ι
2295 1595 2314 1628 ,
2338 1561 2422 1614 11.
2443 1579 2510 1603 ·-
2527 1562 2587 1630 ¹3)
2607 1559 2690 1614 Cf.

671 1645 843 1698 naar.
864 1645 966 1696 vol.
984 1645 1037 1696 2.
1057 1660 1112 1711 p.
1129 1645 1258 1711 533,
1277 1645 1384 1695 Cio.
1411 1645 1564 1696 Vm.
1587 1646 1649 1713 3,
1670 1647 1725 1697 6.

757 1813 911 1875 254.
957 1813 1193 1895 Nempe
1236 1810 1448 1896 legum
1474 1810 1730 1898 quidem
1763 1823 1826 1877 et
1851 1812 2070 1879 tributi
2099 1813 2307 1880 habitu
2333 1817 2567 1880 ratione
2587 1865 2607 1900 ,
2639 1817 2693 1881 si

668 1937 880 2009 mucae
911 1924 1288 2010 excipiantur
1330 1926 1610 1989 acerbius
1649 1933 1918 1991 tractam
1940 1976 1958 2010 ‚
1999 1928 2329 1993 tolerabilis
2355 1951 2500 1993 sane
2541 1947 2691 2015 pro-

667 2037 1008 2101 vinciarum
1040 2031 1307 2101 conditio
1340 2034 1582 2101 videtur
1602 2087 1622 2122 ,
1652 2049 1712 2103 et
1733 2037 1944 2103 multis
1972 2041 2245 2126 pejorem
2275 2041 2458 2107 fuisse
2478 2037 2691 2108 credas

671 2150 955 2215 nondum
1008 2150 1281 2236 Imperio
1308 2152 1596 2217 Romano
1623 2152 1879 2237 adjectis
1908 2151 1997 2242 1).
2027 2154 2152 2220 Sed
2180 2157 2372 2220 nimia
2400 2168 2691 2242 potestas,

664 2275 728 2328 ct
769 2264 965 2328 facilis
1009 2267 1261 2348 Rome,
1298 2265 1600 2350 corruptis
1626 2266 1936 2350 moribus,
1981 2271 2281 2334 scelerum
2308 2271 2645 2358 impunitas
2667 2317 2688 2358 ,

669 2390 937 2445 extremo
966 2376 1300 2464 praesertim
1329 2378 1684 2465 reipublicae
1705 2390 2014 2466 tempore,
2041 2369 2336 2449 Rectores
2368 2396 2688 2473 tyrannos,

670 2493 1071 2581 provinciales
1100 2492 1472 2558 miserrimos
1508 2490 1827 2558 reddidere
1859 2489 1948 2582 2).
1993 2493 2149 2561 Nam
2186 2495 2347 2563 inter
2375 2500 2509 2564 illos
2539 2523 2689 2566 mo-

667 2608 863 2675 derati
888 2619 961 2673 et
1008 2608 1246 2673 serendi
1286 2609 1471 2693 pauci
1490 2654 1509 2689 ‚
1561 2607 1711 2672 boui
1757 2620 1964 2674 autem
2011 2632 2200 2697 quam
2246 2614 2370 2678 rari
2417 2616 2648 2679 fuerint
2666 2664 2686 2701 ‚

665 2716 898 2789 indicio
930 2733 1016 2786 cst
1039 2771 1057 2805 ‚
1087 2721 1253 2807 quod
1281 2744 1381 2786 eos
1410 2732 1707 2807 tanquam
1735 2721 2017 2787 homines
2047 2723 2126 2789 de
2153 2727 2308 2791 eoelo
2338 2730 2548 2792 missos
2569 2749 2686 2793 co·—

666 2838 922 2902 luerunt
950 2833 1049 2923 (§.
1082 2831 1272 2922 250.)
1317 2835 1409 2899 Ac
1439 2835 1708 2920 profecto
1737 2834 2053 2899 fatendum
2083 2848 2212 2921 est,
2239 2836 2354 2903 bos
2381 2862 2451 2904 eo
2486 2842 2684 2928 magis

671 2948 1046 3016 venerandos
1073 2948 1259 3012 fuisse
1281 2996 1301 3031 ,
1332 2970 1460 3034 quo
1488 2947 1800 3012 difficilius
1841 2971 1914 3014 ac
1941 2949 2342 3035 periculosius
2368 2965 2498 3019 erat
2540 2978 2685 3040 pro·

667 3067 955 3131 vinciales
982 3074 1192 3129 contra
1214 3062 1448 3126 civium
1474 3063 1897 3127 Romanorum
1941 3062 2326 3133 insolentiam
2357 3080 2419 3133 et
2443 3071 2686 3157 iniqni-

666 3191 855 3244 tatem
903 3178 1065 3244 tueri
1113 3174 1203 3266 3).
1248 3173 1488 3261 Optimi
1530 3177 1781 3240 rectoris
1826 3178 2176 3264 exemplum
2225 3182 2466 3265 Cicer-03
2520 3185 2681 3249 inter

666 3294 957 3379 pessimos
1001 3291 1167 3355 illius
1215 3288 1587 3353 orationibus
1629 3289 1976 3355 notissimus
2017 3293 2242 3363 Verres
2264 3343 2282 3379 ,
2322 3294 2634 3363 Dolabella
2660 3346 2679 3382 ‚

594 3413 610 3430 '
665 3405 806 3472 Piso
825 3453 843 3488 ‚
869 3405 974 3470 alii
997 3452 1014 3489 ,
1040 3404 1299 3489 rapinis,
1330 3400 1720 3486 crudelitate,
1746 3402 1992 3491 flagitiis
2019 3407 2279 3472 infames
2309 3406 2416 3496 4);
2453 3433 2489 3475 a
2519 3433 2680 3497 quo-

665 3538 813 3586 rum
861 3517 1157 3604 pravitate
1204 3528 1452 3581 caeteros
1487 3516 1806 3605 plerosque
1854 3534 2076 3604 parum
2123 3520 2387 3586 abfuisse
2408 3572 2427 3607 ,
2463 3527 2680 3589 multis

665 3632 1049 3721 argumentis
1093 3630 1402 3718 colligitur
1431 3630 1520 3719 5).
1554 3633 1711 3697 Nam
1747 3652 1890 3719 quoe
1927 3634 2053 3697 illis
2091 3635 2566 3721 exprobrantur,
2605 3663 2676 3707 ea

661 3747 939 3833 vulgaria
966 3745 1150 3810 fuisse
1176 3746 1582 3833 intelligimus
1599 3795 1617 3830 ‚
1649 3747 1835 3811 veluti
1860 3752 1999 3832 J'us,
2027 3745 2307 3832 neglecto
2333 3748 2533 3817 edicto
2554 3803 2571 3837 ‚
2603 3776 2676 3819 ex

643 3861 923 3938 ,libidine
952 3861 1153 3926 dicere
1185 3861 1297 3949 6),
1343 3860 1631 3926 divitibus
1666 3860 1916 3925 insidias
1947 3872 2218 3944 struere,
2249 3863 2674 3932 innocentium

660 3974 851 4037 vitam
895 3976 1086 4058 pretio
1124 3975 1391 4039 inimicis
1422 3974 1760 4041 concedere
1782 4022 1800 4058 ,
1839 3975 2143 4040 sociorum
2185 3975 2502 4065 privilegia
2545 4004 2675 4047 non

661 4108 912 4172 curare,
935 4098 996 4152 et
1016 4104 1154 4175 quse
1175 4090 1501 4158 innumera
1524 4101 1667 4158 sunt
1692 4088 2013 4173 cjttsmodi.
2045 4090 2326 4185 Quippe,
2350 4097 2673 4162 contemtis
