3111 4829
1303 390 1551 474 (135)

428 546 648 593 munes
702 527 953 614 insuper
1009 524 1290 614 quaedam
1334 526 1457 590 sive
1500 520 1882 610 impediendi
1926 522 2048 587 sive
2088 520 2434 587 interrum-

426 643 616 731 pendi
657 663 853 709 causae
874 690 892 724 ,
938 642 1002 705 in
1050 640 1276 728 quibus
1303 639 1563 707 Tribuni
1607 639 1838 723 Plebis,
1864 649 1971 703 aut
1999 639 2158 724 paris
2191 639 2437 706 comitia

427 756 682 823 habenti
723 756 1109 842 magistratus
1142 753 1497 820 intercessio
1521 801 1539 836 ‚
1580 765 1641 817 et
1683 776 1755 818 ex
1795 753 2079 839 auspiciis
2121 751 2200 818 de
2240 755 2394 818 coelo
2416 802 2439 836 ,

427 893 616 958 quam
665 892 804 934 mox
859 854 1275 955 attingemus,
1330 870 1554 955 spectio
1580 917 1597 950 ,
1640 868 1790 932 item
1839 866 2090 931 morbus
2113 915 2130 949 ,
2175 866 2284 954 qui
2329 889 2439 930 co-

428 984 678 1049 mitialis
715 984 795 1049 ab
837 1005 909 1050 ea
948 1005 1016 1048 re
1050 983 1250 1049 dictus
1272 1031 1290 1066 ,
1320 983 1595 1051 comitiis
1625 981 1962 1047 adstantem
1988 980 2320 1066 corripiens
2345 977 2436 1068 6).

428 1098 784 1163 Differentia
827 1096 1219 1162 comitiorum
1262 1096 1550 1182 primaria
1597 1094 1822 1180 pendet
1868 1117 1904 1162 a
1942 1094 2183 1179 triplice
2226 1093 2440 1179 populi

432 1211 768 1295 divisione;
816 1234 1003 1299 quam
1059 1209 1467 1277 diversitatem
1520 1211 1683 1275 infra
1736 1209 1804 1274 in
1854 1209 2112 1295 singulis
2163 1230 2441 1294 expone—

432 1346 572 1391 mus
602 1323 690 1413 7).
731 1327 847 1391 Hic
884 1336 1091 1391 autem
1121 1326 1438 1413 sequentia
1471 1335 1774 1390 notamus.
1815 1322 1914 1388 Ad
1939 1323 2183 1388 comitia
2209 1323 2442 1389 curiata

434 1440 696 1524 populus
737 1461 846 1524 per
879 1439 1188 1521 lictorem,
1232 1439 1310 1502 ad
1353 1430 1689 1503 cent‘uriata
1735 1460 1844 1523 per
1875 1437 2250 1502 cornicinem
2280 1459 2444 1502 con-

437 1550 807 1636 gregabatur
845 1548 950 1638 8),
996 1550 1162 1637 quod
1211 1549 1469 1616 Schulze
1494 1599 1511 1633 ‚
1551 1551 1829 1637 Dionysii
1874 1550 2021 1615 locis
2062 1551 2262 1615 nitens
2288 1598 2305 1633 ,
2341 1552 2444 1614 vel

436 1664 781 1750 antiquiore
836 1666 968 1751 jam
1014 1676 1330 1751 tempore,
1385 1687 1509 1730 non
1554 1687 1793 1750 semper
1841 1664 2213 1748 obtinuisse,
2265 1667 2357 1729 vel
2409 1688 2446 1729 a

438 1774 677 1840 serioris
716 1777 828 1841 oevi
872 1778 1263 1863 scriptoribus
1304 1799 1432 1842 non
1470 1787 1753 1841 accurate
1771 1782 1786 1811 '⁴
1813 1777 2194 1842 observatum
2237 1775 2450 1863 suspi-

437 1899 614 1954 catur
652 1884 721 1974 9)
747 1914 765 1973 ;
807 1891 1042 1957 curiata
1071 1891 1319 1955 nonnisi
1345 1893 1505 1957 intra
1528 1941 1547 1975 ,
1589 1892 1927 1957 centuriata
1970 1892 2217 1956 nonnisi
2245 1902 2405 1956 extra
2429 1941 2448 1976 ,

441 2000 667 2066 tributa
693 2013 753 2066 et
776 2003 937 2066 intra
962 2013 1023 2066 et
1060 1998 1222 2067 extra
1259 2004 1630 2088 pomoerium
1658 2002 2084 2087 habebantur3
2111 2003 2188 2067 ad
2217 2004 2450 2070 curiata

442 2124 502 2177 et
539 2116 877 2181 centuriata
909 2128 1151 2183 senatus
1180 2117 1505 2181 auctoritas
1527 2165 1545 2201 ,
1581 2129 1642 2181 et
1669 2128 1845 2202 capta
1872 2127 2014 2181 ante
2045 2117 2343 2201 auspicia,
2373 2116 2450 2180 ad
2521 2177 2525 2183 .

444 2227 669 2292 tributa
692 2277 711 2311 ,
761 2248 1029 2315 quorum
1086 2237 1147 2293 et
1199 2229 1346 2291 alias
1409 2228 1671 2294 minima
1732 2229 2055 2294 solennitas
2087 2276 2107 2313 ,
2137 2213 2456 2294 'neutrum

444 2340 902 2429 requirebatur;
953 2342 1045 2404 lex
1090 2353 1336 2427 accepta
1386 2341 1454 2405 in
1501 2342 1625 2406 illis
1666 2343 1878 2429 populi
1918 2342 2165 2429 jussum
2188 2391 2206 2427 ,
2245 2343 2314 2407 in
2360 2342 2458 2407 his

446 2455 833 2543 plebiscitum
869 2453 1209 2541 adpellata3
1241 2465 1498 2543 utraque
1534 2457 1643 2521 aeri
1662 2457 1855 2525 incisa
1884 2458 1954 2523 in
1980 2458 2219 2526 AErario
2245 2481 2458 2526 serva-

446 2570 675 2636 bantur
725 2567 855 2659 10).
899 2571 1072 2635 Jussa
1106 2569 1444 2657 antiquitus
1477 2582 1674 2656 patres
1709 2573 2199 2659 confirmabant,
2232 2587 2365 2714 post
2389 2576 2457 2640 in

446 2687 754 2751 incertum
783 2695 1070 2749 eventum
1098 2694 1372 2749 auctores
1398 2684 1536 2749 fieri
1566 2686 1757 2751 coacti
1792 2683 1924 2776 11).

516 2876 567 2942 1)
592 2876 669 2924 Cf.
699 2874 786 2924 eie
809 2873 920 2925 Cae.
940 2873 972 2922 δ
993 2910 1011 2937 ,
1032 2873 1114 2924 12.
1133 2899 1196 2913 -
1212 2873 1265 2939 2)
1306 2873 1381 2923 Cf.
1404 2874 1542 2924 Fest.
1579 2876 1632 2922 in
1653 2877 1926 2926 emmeles
1954 2878 2079 2927 dier.
2096 2905 2160 2917 -
2180 2878 2233 2944 5)
2257 2878 2331 2928 Cf.
2355 2880 2461 2930 Liv.

452 2963 547 3027 38,
567 2963 652 3013 54.
669 2962 796 3023 -4)
821 2962 895 3011 Cf.
928 2961 1123 3010 Schulz.
1150 2977 1202 3026 p.
1238 2961 1354 3010 245.
1387 2976 1500 3024 sqq.
1517 2988 1582 3001 -
1601 2962 1653 3022 5)
1676 2961 1803 3011 Geu'.
1828 2963 1890 3012 15
1908 3000 1924 3026 ,
1953 2964 2019 3013 27
2036 3001 2052 3029 ,
2075 2968 2136 3013 ἐκ
2170 2966 2296 3015 libro
2317 2968 2469 3016 Loelia·

454 3054 643 3103 Fauces
664 3054 734 3102 ad
756 3052 821 3116 Q.
852 3051 1097 3100 Mucium
1125 3052 1295 3114 primo
1316 3052 1565 3114 scriptum
1597 3057 1701 3114 est,
1724 3051 2003 3101 Labeonem
2039 3053 2278 3118 scribere,
2301 3057 2468 3104 calata
2491 3115 2492 3118 Ἴ

452 3145 657 3191 comitia
678 3157 781 3192 ossa
798 3175 815 3204 ,
840 3156 956 3204 quar
983 3155 1081 3204 pro
1103 3138 1308 3203 colleqt‘o
1335 3141 1640 3203 pontificum
1665 3140 1912 3189 habentur
1924 3175 1944 3205 ,
1977 3149 2072 3190 aut
2107 3146 2239 3206 reqis
2259 3150 2354 3192 aut
2366 3147 2466 3209 fla-

454 3234 653 3280 minum
672 3231 1159 3294 inaugurandorum
1180 3244 1339 3277 causa
1353 3254 1422 3267 —
1448 3230 1627 3278 iisdem
1643 3232 1860 3278 comitiis
1871 3267 1888 3293 ,
1908 3246 2022 3294 quoe
2036 3232 2202 3281 calata
2219 3233 2470 3298 adpellari

453 3321 705 3384 dirimas,
728 3327 776 3368 et
795 3334 1057 3368 sacrorum
1092 3320 1436 3368 detestatione·
1461 3326 1509 3367 et
1546 3325 1839 3368 testamenta
1866 3321 1986 3383 fieri
2000 3316 2314 3371 solebantl—
2331 3322 2383 3384 6)
2403 3323 2466 3370 V.

458 3410 590 3458 Fest.
614 3409 944 3475 inprohibm
963 3445 979 3473 ‚
999 3408 1127 3457 Gen.
1152 3399 1233 3472 19,
1253 3408 1371 3456 2-
1386 3407 1440 3472 7)
1466 3407 1542 3457 Ct’.
1564 3408 1691 3457 Gen.
1721 3408 1782 3459 15
1801 3446 1816 3474 ,
1840 3409 1924 3459 27.
1948 3439 2009 3449 -
2027 3411 2079 3477 8)
2104 3412 2178 3460 Cf.
2201 3412 2398 3478 Dionys.
2415 3414 2466 3476 Ξ,

457 3500 490 3549 s
507 3536 523 3563 ,
547 3499 792 3565 e011.,15,
815 3495 901 3548 27.
921 3526 981 3537 -
1001 3497 1054 3563 9)
1076 3497 1140 3545 v.
1166 3497 1361 3547 Schulz.
1380 3512 1434 3562 p.
1459 3496 1523 3547 85
1543 3535 1560 3562 ‚
1580 3486 1862 3562 Diony-(⁴,
1885 3498 1950 3547 37
1968 3535 1984 3562 ,
2008 3499 2071 3564 4,
2094 3500 2159 3550 76
2180 3536 2196 3564 ,
2213 3500 2251 3550 >5
2269 3537 2284 3564 ‚
2305 3502 2466 3571 57..—

461 3588 544 3654 to)
566 3590 642 3638 Cf.
664 3589 724 3639 Ρ.
748 3589 935 3638 Manut-
960 3589 1021 3638 da
1038 3587 1194 3652 Leqq.
1213 3587 1365 3637 Rom.
1381 3623 1397 3652 ,
1414 3586 1467 3635 in
1488 3586 1644 3637 Thea.
1671 3588 1836 3637 Groev.
1856 3604 1906 3637 v.
1928 3587 1979 3638 2.
1999 3604 2053 3655 p.
2077 3589 2192 3640 115.
2213 3617 2274 3628 —-
2291 3589 2375 3657 11)
2394 3590 2466 3639 cf.

461 3679 658 3745 Dionys.
681 3680 714 3730 2
731 3715 747 3744 ‚
775 3677 835 3728 14
854 3716 870 3743 ,
894 3678 1003 3726 Liv.
1025 3678 1050 3727 1
1074 3714 1089 3742 ,
1110 3675 1173 3729 17
1191 3713 1208 3742 ,
1232 3676 1265 3727 6
1284 3713 1300 3742 ,
1324 3677 1389 3726 ⁴2
1407 3712 1424 3742 ,
1449 3677 1553 3725 Cic.
1579 3678 1731 3727 Brut.
1759 3677 1840 3727 14.

553 3847 705 3912 150.
753 3847 845 3910 De
892 3844 1178 3931 auspiciis
1227 3845 1410 3931 paulo
1458 3845 1804 3910 accuratius
1850 3844 2297 3932 explicandum.
2352 3846 2471 3912 Co-

462 3956 652 4022 mitiis
699 3979 779 4022 an
821 3956 909 4022 dii
961 3969 1307 4023 annuerent
1337 4007 1357 4043 ,
1408 3959 1820 4044 auspiciorum
1874 3961 2062 4048 signis
2109 3960 2214 4053 (§.
2268 3967 2418 4028 319.
2447 3959 2498 4046 )

463 4072 960 4161 intelligebatur,
1006 4095 1143 4161 quae
1188 4073 1564 4161 praefuturus
1611 4073 1687 4138 iis
1734 4075 2118 4161 magistratus
2143 4125 2160 4160 ,
2204 4099 2327 4164 quo
2372 4077 2473 4142 die

1303 4272 1333 4280 Q
