3111 4829
1541 388 1796 474 ‹448¹›

647 521 885 587 Cethegi,
907 521 1031 572 Bor.
1053 523 1121 571 A.
1146 523 1211 572 P.
1244 521 1314 571 uo
1331 555 1348 586 ,
1371 523 1613 571 es'nciutn‘ae
1632 537 1737 571 non
1759 520 2001 571 exaudita
2024 521 2283 588 coaequa,
2307 522 2432 571 Luc.
2447 522 2482 572 Ξ
2502 557 2518 587 ,
2540 521 2644 573 543
2662 556 2680 587 ,

651 616 712 677 Β,
751 615 883 680 794,
918 614 1041 680 Lyd.
1079 614 1139 679 1,
1183 614 1265 663 22.
1287 641 1346 650 —
1374 612 1427 677 8)
1451 611 1590 676 Virg.
1610 613 1733 662 En.
1771 613 1796 663 1
1816 650 1832 677 ,
1871 611 1988 662 282.
2029 613 2105 662 Cs.
2130 614 2250 661 Hor.
2274 613 2375 663 od.
2398 613 2461 676 δ,
2486 614 2518 663 5
2538 650 2555 678 ,
2582 614 2681 677 10,

534 702 542 709 ’
650 714 777 769 809oe
812 705 1013 754 oblitus.
1040 705 1176 754 Suet.
1211 706 1352 768 Auq.
1393 703 1487 767 40,
1509 705 1617 769 Ac,
1657 705 1765 752 visa
1806 704 2065 768 quondam
2092 720 2190 768 pro
2228 707 2470 753 concione
2495 704 2684 767 pulla-

649 803 818 844 torum
865 795 934 859 (?)
978 794 1125 844 turba
1143 829 1162 859 ,
1209 792 1633 857 inda'qnabundus
1675 799 1723 840 ol
1761 793 2030 841 clamitans
2053 808 2076 840 .·
2111 790 2235 857 En,
2269 795 2348 842 ait
2358 827 2378 857 ,
2413 791 2683 842 Romanos

649 899 823 935 nrum
840 886 1070 934 dominos
1090 890 1380 948 gentemque
1402 888 1624 945 togatam
1640 916 1658 947 ,
1682 883 1941 946 neqoh‘um
1964 881 2221 931 AEdils‘bus
2236 883 2378 930 dedit
2391 916 2410 946 ,
2432 898 2497 931 na
2521 898 2681 945 qum

644 975 854 1039 posthac
863 982 1168 1039 poterentur
1197 974 1255 1021 in
1290 971 1426 1022 Foro
1450 970 1654 1021 Cir-coeo
1670 1006 1688 1035 ,
1712 973 1821 1020 nisi
1828 973 2012 1035 positis
2031 971 2250 1020 hemis
2265 1005 2283 1034 ‚
2306 977 2531 1034 taqueum
2550 987 2680 1019 con-

649 1067 839 1112 sistere.
861 1089 916 1102 -
944 1064 995 1123 9)
1019 1063 1095 1111 Cl'.
1117 1063 1223 1111 Cic.
1245 1061 1386 1112 Plan.
1424 1060 1456 1110 5
1475 1095 1492 1126 ,
1531 1060 1565 1111 5
1583 1096 1601 1127 ,
1642 1060 1778 1110 Suet.
1804 1060 1928 1110 Coe.
1952 1058 2035 1110 48.
2057 1087 2118 1099 -
2146 1057 2229 1123 10)
2251 1059 2329 1108 Cf.
2349 1058 2455 1109 Cic.
2475 1059 2587 1111 Cat.
2608 1060 2677 1128 3,

651 1152 1135 1221 10,aeoffi1‚2s.

740 1347 890 1410 451.
939 1346 1109 1410 Inter
1146 1353 1389 1409 caeleras
1427 1341 1851 1408 Romanorum
1888 1350 2078 1404 vestes
2109 1339 2494 1425 frequentius
2520 1360 2675 1402 me-

647 1471 895 1526 moratae
930 1460 1084 1524 laena
1115 1455 1419 1550 (χλιιῖηι),
1451 1457 1691 1544 p'aenula
1732 1451 2049 1547 (Φιιιὸλης)
2070 1503 2087 1537 ,
2140 1454 2385 1518 lacerna
2412 1502 2429 1537 ,
2461 1453 2674 1517 lacer-

643 1575 789 1639 nula
816 1622 833 1657 ,
867 1573 1033 1638 unde
1059 1574 1400 1637 lacernatus
1443 1570 1508 1661 1)
1530 1621 1547 1654 ,
1576 1592 1789 1658 sagum
1811 1618 1828 1652 ,
1862 1567 2403 1656 paludamentum,
2435 1566 2673 1636 trabea.

643 1685 730 1753 Ex
750 1685 845 1751 his
875 1687 1142 1753 trabeam
1187 1699 1257 1752 ut
1293 1687 1607 1772 Regibus,
1636 1684 1961 1774 Equitibus
2005 1695 2067 1749 et
2105 1683 2469 1770 Auguribus
2499 1682 2675 1747 insi-

644 1824 830 1889 gnam
853 1802 1341 1866 memoraeimus.
1374 1800 1656 1865 Militaria
1679 1822 1898 1886 sagum
1921 1847 1939 1881 ,
1966 1808 2027 1863 et
2058 1798 2372 1885 proprium
2404 1797 2676 1862 ducibus

641 1914 1146 2000 paludamentum
1193 1909 1295 2004 (§.
1354 1914 1505 1978 368.
1562 1913 1654 1979 Cf.
1708 1911 2000 1999 chlamys,
2026 1906 2053 2000 )
2107 1911 2354 1976 Laenam
2406 1910 2666 1996 frigori,

633 2024 944 2100 lacernam
975 2036 1035 2090 et
1074 2025 1377 2110 paenulam
1407 2024 1628 2114 pluviae
1647 2024 1829 2087 etiam
1853 2020 2135 2087 arcendae
2158 2023 2417 2107 aptiores
2438 2020 2623 2085 fuisse
2641 2068 2663 2105 ,

634 2162 820 2227 quam
844 2150 1047 2227 togam
1063 2189 1082 2224 ,
1104 2139 1452 2205 invenimus
1484 2133 1584 2227 2),
1603 2138 1683 2202 ob
1704 2159 1966 2224 eamque
1986 2158 2118 2201 rem
2142 2135 2251 2201 has
2271 2159 2309 2203 a
2333 2135 2668 2201 viatoribus

632 2264 695 2318 et
736 2254 1067 2336 militibus,
1113 2275 1323 2318 omnes
1350 2250 1559 2317 hieme
1595 2251 1902 2338 praecipue
1946 2262 2262 2336 usurpatas
2307 2248 2399 2339 3).
2447 2254 2670 2315 Romae

631 2377 838 2432 autem
889 2368 1136 2433 illarum
1183 2367 1443 2432 vestium
1493 2386 1637 2445 usus
1656 2413 1673 2448 ,
1727 2374 1796 2431 ut
1851 2363 2091 2430 mollior
2119 2411 2136 2447 ,
2183 2363 2271 2429 sic
2320 2362 2665 2451 antiquitus

628 2482 856 2564 rarior,
892 2483 984 2559 ab,
1001 2481 1280 2546 extremis
1325 2480 1678 2566 reipublicae
1718 2478 2093 2565 temporibus
2120 2479 2503 2565 frequentior
2531 2500 2665 2545 esse

628 2594 814 2679 coepit
837 2641 856 2675 ,
885 2604 1193 2658 contemta
1216 2594 1512 2678 paulatim
1540 2604 1718 2679 toga,
1750 2591 1946 2657 donec
1988 2592 2103 2657 sub
2138 2592 2478 2658 Caesaribus
2502 2600 2677 2679 pau-'

629 2704 968 2791 perioribus
993 2707 1121 2770 sere
1143 2705 1633 2791 relinqueretur,
1665 2705 1903 2770 tametsi
1926 2716 2059 2770 tum
2084 2727 2331 2793 quoquc
2352 2755 2369 2789 ‚
2401 2706 2622 2792 opinor
2641 2754 2663 2790 ,

628 2828 917 2882 consueta
964 2815 1339 2904 honestaque
1385 2828 1445 2882 et
1499 2818 1965 2903 magistratuum
1992 2864 2010 2901 ,
2058 2829 2118 2882 et
2167 2818 2617 2884 causidicorum
2642 2868 2660 2902 ,

627 2952 889 2996 munere
914 2931 1310 3017 fungentium
1335 2979 1352 3011 ,
1383 2930 1561 2995 vestis
1589 2953 1846 2996 manens
1882 2927 1971 3019 4).
2009 2931 2317 2997 Caeterum
2343 2982 2361 3016 ,
2391 2932 2664 2997 difficit-

626 3044 774 3110 lima
807 3045 1046 3130 penulae
1067 3093 1085 3130 ,
1116 3046 1379 3109 lacernae
1408 3055 1470 3109 et
1497 3046 1669 3109 laenae
1702 3045 1831 3110 sive
1862 3046 2022 3110 inter
2053 3045 2213 3131 ipsas
2241 3095 2257 3129 ‚
2288 3047 2411 3111 sive
2441 3071 2476 3113 a
2515 3059 2660 3133 toga

627 3157 953 3223 distinctio.
997 3158 1283 3222 Lacernae
1311 3160 1632 3224 cucullum
1673 3159 1954 3223 tribuunt:
1986 3156 2076 3248 5).
2107 3161 2354 3226 Laenam
2389 3162 2659 3229 similem

624 3271 885 3336 lacerna}
908 3319 926 3353 ,
977 3270 1083 3334 sed
1126 3271 1467 3357 simplicem
1515 3283 1576 3336 et
1616 3271 1960 3357 duplicem,
2012 3273 2181 3339 illam
2223 3277 2452 3359 aeslati,
2496 3275 2662 3341 banc

625 3380 859 3466 hiemi,
889 3384 1192 3468 paenulam
1226 3381 1294 3471 6)
1325 3385 1698 3472 longiorem,
1728 3396 1830 3470 et,
1870 3397 1941 3451 ut
1968 3388 2255 3453 nonnulli
2291 3400 2498 3476 togam
2522 3438 2540 3473 ,
2572 3389 2658 3455 ab

624 3494 753 3562 imo
773 3496 852 3561 ad
870 3507 1076 3582 pectus
1095 3508 1419 3563 consutam
1446 3499 1682 3564 faciunt
1704 3523 1723 3584 3
1757 3499 1924 3565 unde
1945 3511 2151 3588 togam
2172 3502 2543 3590 quandoque
2572 3499 2660 3567 ab

623 3611 982 3699 antiquariis
1010 3633 1157 3677 cum
1182 3613 1422 3698 poenula
1445 3613 1763 3679 confusam
1796 3614 2153 3700 conjiceres.

565 3814 572 3819 ·
653 3798 742 3863 ,1)
768 3799 843 3848 Cf.
863 3799 1044 3850 Juven.
1065 3799 1127 3864 1,
1150 3800 1234 3849 62.
1257 3828 1319 3839 —-
1342 3800 1394 3866 Ξ)
1420 3802 1497 3850 Cf.
1524 3802 1631 3851 Cic.
1647 3819 1705 3867 p.
1731 3802 1857 3852 Mil.
1876 3802 1970 3868 20,
1998 3802 2167 3867 Quint.
2207 3804 2275 3869 6,
2299 3803 2334 3852 ὅ
2353 3842 2369 3867 ,
2393 3806 2459 3856 64
2480 3812 2531 3856 et
2552 3807 2651 3873 66,

626 3888 805 3936 Juven.
828 3888 888 3953 5,
911 3888 998 3938 79.
1017 3917 1079 3929 --
1100 3890 1251 3956 5)(312
1276 3890 1381 3939 Cic.
1406 3891 1538 3940 Phil.
1555 3892 1619 3955 2,
1639 3892 1705 3941 50
1723 3928 1740 3955 ,
1765 3892 1906 3941 ovid.
1926 3893 2072 3943 Fau.
2099 3895 2147 3953 2,
2171 3890 2270 3942 746
2290 3930 2307 3958 ,
2330 3894 2481 3960 Prop.
2509 3896 2566 3958 4,
2592 3897 2657 3961 3,

630 3974 715 4025 18.
734 4000 801 4016 —-
821 3975 872 4037 ⁴)
914 3978 989 4026 Cs.
1033 3979 1213 4029 Juven.
1256 3980 1288 4027 2
1306 4016 1323 4043 ‚
1365 3978 1449 4031 65.
1470 4009 1529 4018 —
1550 3980 1604 4045 5)
1630 3979 1707 4029 Cl'.
1728 3981 1871 4035 Mart.
1904 3980 1961 4046 1,
1988 3980 2081 4045 09,
2106 3981 2200 4048 10,
2223 3982 2407 4035 Juveu.
2430 3984 2464 4036 6
2481 4022 2498 4052 ,
2521 3983 2620 4037 118
2637 4022 2659 4052 ,

626 4065 748 4116 lior.
765 4064 876 4116 Sat.
895 4064 957 4131 2,
981 4064 1013 4113 7
1030 4101 1048 4133 ,
1070 4067 1154 4119 55.
1175 4096 1236 4107 --
1255 4068 1309 4134 6)
1331 4069 1407 4119 Cf.
1430 4069 1631 4134 Pignor.
1649 4072 1710 4122 de
1728 4072 1887 4122 sorvis
1910 4088 1962 4137 p.
1986 4070 2101 4121 265.
