3111 4829
1231 398 1254 482 (
1293 400 1366 480 41
1413 400 1436 482 )

425 518 775 617 Regionum
825 543 1020 616 partes
1062 532 1177 597 vici
1219 532 1338 596 sive
1393 533 1604 618 plateae
1655 533 1954 617 primariae
1978 580 1995 614 ‚
2067 555 2327 602 numero

343 645 499 709 ultra
533 643 1004 731 quadringentos
1046 644 1133 732 2).
1166 646 1239 709 In
1268 644 1361 709 his
1389 644 1662 709 Suburra
1707 644 1812 732 3),
1854 647 2277 719 Camoenarum
2306 695 2328 732 ‚

342 755 642 840 Fabricii,
680 758 913 840 Albus,
972 741 1105 823 Ilrsi
1154 759 1367 824 Pileati
1399 807 1417 842 ‚
1460 758 1754 822 Lanarius
1771 807 1787 839 ‚
1837 760 2290 845 Unguentarius
2310 810 2333 845 ‚

346 868 681 935 Sceleratus
705 868 770 958 4)
794 918 810 953 ,
834 872 1063 935 Tuscus
1086 869 1175 957 5).
1217 870 1411 935 Iidem
1432 871 1543 934 viae
1573 869 1884 956 adpellatoe
1913 871 1938 960 (
1970 873 2060 936 via
2084 885 2141 936 et
2167 874 2336 938 vicus

346 1003 548 1066 sacer,
577 983 671 1047 via
692 984 808 1047 lata
834 1031 851 1066 ,
875 992 992 1048 etc.
1012 980 1061 1071 ),
1083 982 1188 1047 sed
1209 981 1426 1047 diversi
1443 1006 1479 1046 a
1504 984 1614 1046 viis
1637 1032 1655 1066 ,
1687 982 1764 1048 de
1780 984 2005 1070 quibus
2027 988 2197 1072 §.48
2224 986 2340 1069 ,ad

349 1095 597 1179 urbem,
620 1096 960 1182 partimque
981 1118 1101 1182 per„
1119 1097 1310 1182 ipsam
1348 1096 1733 1160 continuatis.
1773 1097 1910 1169 ‚viae
1964 1098 2344 1183 angustiores

351 1209 779 1294 angiportuum
800 1258 818 1292 ,
887 1210 1072 1275 altera
1122 1220 1289 1295 parte
1342 1201 1596 1272 occlusae
1639 1206 2038 1271 'fundularum
2087 1210 2340 1273 nomine

352 1320 828 1408 distinguuntur.
853 1304 928 1386 lu'
952 1323 1222 1409 qualibet
1248 1323 1502 1408 regione
1523 1321 1675 1386 duos
1702 1333 2009 1387 curatores
2031 1370 2049 1404 ,
2072 1324 2136 1386 in
2171 1346 2346 1409 quo-

352 1434 502 1499 libet
546 1436 676 1500 vico
734 1447 994 1523 quatuor
1049 1436 1499 1521 vicomagistros
1558 1436 1819 1499 instituit
1865 1436 2175 1521 Augustus
2244 1433 2345 1522 6).

353 1547 704 1632 Regionum
724 1548 971 1633 insuper
992 1547 1442 1612 denuntiatores
1462 1595 1480 1630 ‚
1531 1548 1600 1610 in
1619 1546 1688 1610 P.
1713 1547 1978 1613 Victoris
2002 1558 2064 1610 et
2094 1547 2170 1621 S..
2195 1547 2350 1611 Rufi

354 1658 857 1745 descriptionibus
877 1658 1009 1723 bini
1030 1661 1098 1722 in
1130 1660 1387 1745 singulis
1412 1706 1434 1738 ,
1477 1668 1894 1722 memorantur
1918 1656 2022 1744 7).
2069 1658 2350 1743 Singulis

307 1764 310 1767 “
359 1772 505 1835 vicis
529 1794 635 1836 sua
661 1770 913 1837 aedicula
938 1821 956 1855 ,
995 1772 1236 1858 proprio
1276 1770 1521 1834 numini
1544 1769 1759 1835 dicata.
2099 1752 2100 1755 Ἴ

429 1933 488 1997 1)
521 1933 638 1981 Tac.
664 1934 803 1982 Ann-
825 1934 887 1984 15
906 1970 922 1998 ‚
942 1934 1023 1983 4⁰.
1046 1962 1103 1971 —
1124 1934 1176 1998 2)
1201 1934 1276 1982 Cf.
1301 1933 1434 1982 Suet.
1459 1934 1597 1997 Auq.
1621 1932 1703 1981 50.
1724 1961 1785 1971 —
1802 1932 1854 1999 ὅ)
1875 1930 2052 1983 Juven.
2077 1930 2110 1982 ὅ
2127 1969 2143 1997 ,
2166 1935 2198 1983 5
2217 1950 2355 2001 ,eqo

365 2023 443 2071 vel
460 2022 757 2084 Prochytam
769 2038 1013 2087 propono
1034 2022 1740 2086 Subur-raclamosamywu
1757 2022 1898 2070 Mart.
1926 2022 2014 2085 12,
2052 2021 2133 2071 18.
2156 2050 2214 2058 —
2235 2024 2286 2086 4)
2312 2026 2358 2073 A.

366 2110 537 2159 Tullia
558 2111 897 2176 impietate.V.
920 2112 1024 2159 Liv.
1049 2112 1074 2161 1
1106 2110 1239 2175 ,“48.
1264 2138 1324 2147 -
1340 2110 1392 2174 5)
1426 2110 1545 2157 Hor.
1571 2110 1679 2159 Sat.
1705 2110 1737 2157 2
1753 2143 1771 2173 ,
1813 2108 1878 2174 ὅ,
1902 2108 1997 2157 228
2019 2143 2037 2173 ,
2061 2114 2193 2159 tusci
2210 2112 2364 2160 turba

365 2202 526 2263 impia
547 2202 663 2248 vici.
690 2227 749 2235 —
766 2200 820 2264 6)
858 2200 921 2246 V.
946 2200 1062 2247 Suet
1082 2202 1219 2259 Any.
1240 2198 1323 2246 50.
1343 2198 1419 2246 Cf.
1453 2197 1560 2247 Liv.
1582 2195 1647 2245 54
1665 2233 1680 2260 ‚
1703 2197 1754 2245 7.
1780 2224 1840 2233 -
1877 2196 1931 2259 7)
1970 2196 2046 2244 Cf.
2076 2196 2233 2245 (ἴτων.
2261 2199 2362 2246 In-

366 2288 559 2350 scripu.
584 2302 635 2349 p.
658 2285 773 2333 250.
796 2282 909 2333 251.

462 2402 566 2463 47.
616 2396 795 2462 Urbis
854 2397 1069 2461 Romoe
1148 2396 1578 2484 antiquitatum
1635 2394 1885 2463 alteram
1949 2404 2180 2482 partem
2238 2419 2364 2464 non

365 2507 632 2576 absurde
664 2507 957 2591 dicemus,
981 2530 1119 2595 quae
1157 2512 1337 2596 vulgo
1360 2511 1574 2575 Romae
1601 2508 1991 2574 memoranda
2020 2512 2114 2573 vel
2150 2509 2363 2574 admi-

372 2622 559 2688 randa
604 2624 931 2709 antiquarii
973 2635 1205 2688 vocant.
1249 2625 1322 2687 In
1369 2623 1466 2688 his
1514 2632 1869 2708 ponuntur:
1903 2621 2104 2708 'Portae
2129 2672 2146 2705 ,
2179 2612 2363 2690 Plinii

373 2738 619 2824 majoris
661 2749 833 2803 aetate
856 2737 1146 2806 xxxvll
1169 2788 1186 2821 ,
1214 2739 1551 2802 Justiniano
1595 2738 1931 2822 imperante
1959 2785 1976 2818 ,
2020 2737 2376 2821 XIVsupe-

373 2863 572 2917 rantes
601 2849 712 2938 1);
752 2863 870 2914 tres
895 2900 912 2934 ‚
957 2874 1036 2915 an
1082 2862 1340 2936 quatuor
1364 2849 1530 2915 urbis
1575 2837 1882 2935 quadratae
1907 2849 2137 2912 fuerint
2174 2848 2363 2936 (Ro-

379 2965 627 3028 manula
650 3012 667 3045 ,
703 2962 987 3047 Mugonia
1010 3010 1027 3043 ,
1050 2961 1331 3048 Trigonia
1361 3010 1378 3043 ‚
1402 2961 1795 3025 Carmentalis
1817 3008 1834 3040 ‚
1855 2981 1892 3023 a
1921 2972 2113 3024 matre
2169 2961 2382 3024 Evan-

386 3074 479 3139 dri
505 3124 523 3158 ‚
556 3076 793 3161 aliaque
815 3073 1065 3137 nomina
1093 3071 1158 3160 ),
1191 3072 1494 3160 hodieque
1548 3072 1871 3157 inquirunt
1900 3069 2122 3134 harum
2167 3093 2375 3135 rerum

386 3193 605 3257 curiosi
652 3189 761 3278 2).
804 3191 969 3254 Inter
1020 3187 1314 3257 XXXVII
1344 3235 1361 3269 ‚
1405 3205 1668 3272 quarum
1717 3184 1921 3268 plures
1961 3182 2070 3243 viis
2122 3204 2228 3265 per
2278 3206 2378 3246 eas

390 3303 754 3370 ducentibus
809 3301 1203 3388 cognomines
1232 3348 1249 3381 ‚
1295 3299 1583 3383 Capena,
1631 3317 1766 3381 quae
1809 3305 1868 3357 et
1926 3292 2334 3378 Triumphalis
2364 3348 2380 3378 ‚

392 3418 825 3484 Coelimontana
850 3464 867 3497 ,
926 3409 1270 3499 Esquilina,
1316 3406 1632 3472 Tiburtina
1658 3457 1675 3489 ‚
1729 3405 2051 3473 Viminalis
2075 3453 2092 3486 ,
2118 3405 2342 3469 Collina
2362 3458 2377 3489 ,

391 3529 679 3594 Pinciaua
706 3577 723 3611 ‚
760 3530 1160 3592 Flumentana
1202 3522 1227 3611 (
1252 3518 1621 3607 Flaminia),
1668 3517 2061 3619 Carmentalis
2089 3563 2106 3595 ‚
2133 3515 2380 3579 Trium-

391 3640 584 3726 phalis
628 3639 922 3731 (altera),
962 3634 1362 3704 Janiculensis
1384 3680 1409 3709 ,
1449 3631 1794 3697 Por‘tuensis
1819 3677 1836 3711 ‚
1876 3625 2245 3710 Trigemina.
2288 3628 2378 3693 De
2479 3655 2482 3660 ·

397 3757 603 3820 multis
628 3776 799 3819 nunc
824 3803 840 3835 ‚
881 3754 988 3818 ubi
1017 3752 1246 3817 fuerint
1271 3798 1288 3830 ,
1319 3746 1748 3812 controversia.

484 3869 702 3933 Pontes
725 3916 742 3949 ,
784 3885 907 3931 non
943 3886 1152 3930 omnes
1173 3859 1353 3926 hodie
1376 3867 1722 3944 superantes
1744 3903 1760 3936 ,
1798 3863 1965 3935 octo;
2005 3873 2263 3937 quorum
2306 3856 2398 3919 ab-

396 3982 609 4046 infimo
648 3980 1002 4046 numeranti
1028 3978 1159 4043 haec
1194 3975 1415 4040 series:
1455 3968 1795 4048 SubliciuS,
1823 3966 1982 4028 inter
2011 3967 2384 4031 Aventinum

403 4108 465 4160 et
492 4096 841 4162 Janiculum
874 4143 890 4176 ,
930 4091 1381 4180 antiquissimus
1406 4138 1423 4172 ‚
1480 4086 1628 4150 olim
1667 4082 1906 4168 ligneus
1950 4076 2020 4166 (e
2061 4075 2400 4166 sublicis),

718 4187 727 4198 ’
2029 4186 2067 4245 6
