3111 4829
1576 374 1603 457 (
1643 372 1765 436 488
1803 373 1830 457 )

788 507 940 571 494.
985 504 1061 568 In
1105 502 1340 569 familia
1386 502 1623 569 urbana
1660 505 1766 569 alii
1802 503 2010 590 domi,
2047 506 2152 571 alii
2192 507 2341 572 foris
2374 507 2748 576 ministerio

692 621 1085 706 funguntur5
1114 617 1181 682 in
1206 618 1327 682 illis
1361 617 1559 704 primo
1579 619 1712 683 loco
1743 618 2121 706 dispensator
2145 670 2164 704 ,
2204 619 2472 699 oiuu'pue
2491 671 2508 699 ‚
2558 624 2739 688 ὁσο-

694 757 904 808 nome,
932 732 1284 800 intendant
1312 729 1398 820 1),
1417 756 1451 796 a
1471 754 1596 819 quo
1618 755 1881 798 munere
1910 757 2127 820 parum
2152 746 2262 800 aut
2290 734 2449 800 nihil
2472 736 2739 803 disere-

694 859 908 935 pantes
937 859 1101 913 actor
1125 895 1143 928 ,
1186 846 1574 912 ratiocinator
1599 895 1616 928 ‚
1646 847 1769 912 sive
1795 871 1832 913 a
1874 849 2217 913 rationibus
2254 846 2324 937 2)
2350 897 2368 932 ,
2394 862 2455 914 et
2478 873 2737 936 procu-

694 974 858 1027 rator
881 959 971 1050 3),
995 982 1111 1026 nec
1129 982 1252 1025 non
1275 960 1473 1024 affinis
1496 962 1804 1025 actuarius
1829 957 1895 1049 4)
1925 1010 1941 1044 ,
1967 972 2026 1027 et
2052 963 2249 1049 gradu
2275 961 2395 1027 illis
2416 977 2730 1051 aequatus,

694 1072 774 1141 ab
807 1073 957 1141 atrio
980 1125 998 1159 ,
1022 1072 1296 1139 atriensis
1321 1069 1386 1160 5)
1409 1097 1427 1155 3
1454 1073 1771 1160 plerosque
1796 1098 1939 1140 rure
1965 1076 2150 1141 etiam
2179 1099 2503 1143 occurrere
2524 1127 2541 1160 ‚
2565 1101 2732 1144 mu-

694 1189 858 1254 neris
897 1187 1114 1253 rationi
1144 1209 1512 1273 congruens.
1546 1189 1778 1253 Diversi
1814 1189 2229 1254 cubicularius
2276 1203 2337 1256 et
2381 1191 2736 1256 admissio-

692 1305 848 1368 nalis
872 1353 888 1386 ,
911 1304 1016 1368 ille
1040 1302 1398 1368 cubiculum
1422 1303 1766 1387 observans,
1793 1304 1970 1367 valet
1995 1304 2072 1367 de
2097 1305 2414 1369 chamltre
2435 1352 2457 1379 ‚
2481 1305 2728 1370 cham-

693 1417 911 1480 bellan
939 1413 1043 1505 6),
1072 1416 1176 1481 hie
1202 1415 1281 1479 ad
1304 1411 1681 1498 audientiam
1702 1465 1721 1501 ,
1747 1414 2178 1482 admissionem
2204 1418 2271 1506 7)
2298 1429 2571 1505 petentes
2594 1420 2727 1483 in—

693 1529 1016 1594 troducens
1077 1528 1144 1617 8)
1170 1578 1187 1614 ,
1237 1552 1272 1594 e
1318 1524 1668 1615 principum
1717 1530 1984 1597 virorum
2012 1579 2030 1613 ,
2078 1531 2346 1596 maxime
2400 1532 2723 1597 Caesarum

691 1641 1050 1707 ministerio.
1099 1641 1311 1706 Gradu
1335 1640 1549 1706 infimo
1571 1642 1851 1706 ostiarius
1888 1664 1933 1706 s.
1955 1640 2186 1727 janitor
2211 1643 2393 1730 (puer
2414 1668 2449 1709 a
2466 1643 2723 1734 janna),

693 1778 849 1841 saepe
872 1756 1112 1819 vinctus
1131 1775 1389 1818 munere
1413 1754 1681 1841 fungens
1709 1752 1801 1843 9),
1829 1766 1910 1839 et,
1930 1767 2001 1819 ut
2023 1778 2168 1821 sane
2190 1757 2455 1840 videtur,
2477 1781 2672 1845 quam
2683 1783 2743 1810 -’

693 1868 782 1932 vis
811 1868 1066 1932 obscuro
1097 1867 1299 1931 officio
1320 1916 1338 1950 ,
1365 1862 1768 1932 mediastinus
1794 1863 1923 1957 10).
1958 1870 2032 1935 In
2059 1871 2292 1934 caeteris
2318 1872 2718 1957 silentiariuS,

685 1979 929 2074 quietis,
952 1981 1204 2066 silentii,
1228 1989 1448 2066 custos»,
1467 1978 1751 2047 horarius
1783 1980 1918 2071 11),
1939 1981 2154 2047 horam
2168 1985 2482 2067 nuntians,
2501 1984 2722 2050 libra—

686 2097 814 2159 rius
839 2144 856 2179 ,
890 2095 1075 2159 libros
1119 2093 1506 2179 describens,
1537 2094 1845 2182 excipiens
1879 2092 1987 2182 12)
2012 2144 2031 2178 ‚
2080 2110 2445 2184 anagnostes
2467 2147 2485 2181 ,
2516 2098 2721 2163 lector

687 2205 772 2298 (§.
805 2211 883 2272 47
892 2206 1010 2295 0.),
1040 2231 1248 2273 servus
1269 2232 1305 2274 a
1334 2232 1549 2292 manu,
1580 2206 1657 2274 ad
1677 2229 1961 2291 manum,
1986 2210 2065 2273 ab
2087 2212 2362 2296 epistolis
2388 2261 2405 2296 ,
2433 2215 2722 2299 copiae,-

683 2323 1037 2388 secre'taire
1076 2320 1182 2410 13)
1212 2370 1229 2406 ,
1257 2345 1462 2387 servus
1486 2345 1523 2388 a
1552 2321 1921 2387 bibliotheca
1948 2371 1965 2405 ,
1991 2345 2144 2409 puer
2170 2346 2206 2388 a
2233 2336 2395 2388 veste
2422 2374 2440 2408 ,
2465 2324 2541 2388 ad
2564 2347 2727 2388 ves-¹

681 2416 792 2520 tes,
817 2436 1095 2502 medicus
1121 2437 1206 2528 (§.
1246 2433 1451 2526 420.)‚
1485 2436 1862 2525 paedagogus
1891 2435 1979 2527 (§.
2020 2436 2200 2527 484),
2233 2440 2545 2526 capsarius
2580 2437 2729 2528 14),

679 2553 937 2617 lotarius
966 2551 992 2642 (
1013 2557 1073 2642 §.
1104 2560 1208 2618 55.
1243 2548 1517 2639 )‚tortor
1565 2548 1695 2640 15).

752 2785 806 2852 1)
844 2785 920 2833 Cf.
959 2780 1065 2832 Cio.
1108 2798 1190 2847 ap.
1231 2783 1358 2831 Non.
1397 2781 1459 2845 ὅ,
1515 2770 1578 2832 18
1596 2820 1612 2847 ,
1659 2783 1795 2832 Suet.
1842 2783 1998 2849 Vesp.
2044 2786 2138 2850 22,
2198 2786 2381 2837 Juven.
2402 2787 2423 2838 1
2450 2826 2465 2851 ‚
2512 2788 2597 2838 91.
2640 2818 2720 2830 --

683 2878 736 2944 2)
772 2877 847 2924 Cf.
893 2875 1028 2923 Suet.
1080 2873 1264 2930 Claud.
1309 2871 1548 2938 28.-5)
1584 2873 1660 2922 Cf.
1696 2873 1801 2921 eie.
1846 2875 1908 2922 do
1948 2874 2125 2939 0221,
2159 2875 2262 2940 58,
2300 2878 2491 2926 Colum.
2540 2877 2566 2928 1
2594 2916 2609 2942 ,
2631 2880 2716 2945 6,

678 2967 879 3017 Petron.
916 2964 1000 3013 50.
1025 2991 1090 3002 —
1112 2961 1164 3028 4)
1200 2962 1275 3011 Cf.
1310 2961 1512 3011 Petu-on.
1536 2962 1688 3011 55.-
1722 2962 1776 3024 5)
1812 2962 1889 3011 Cf.
1929 2963 2034 3013 cic.
2072 2965 2269 3014 Par-ad.
2298 2968 2368 3031 5,
2400 2969 2463 3031 2,
2491 2970 2552 3016 n‘n
2589 2970 2714 3021 Pis.

675 3053 771 3117 27,
811 3055 976 3103 plaut.
1023 3054 1175 3103 Asin.
1200 3051 1268 3116 2,
1292 3051 1355 3115 2,
1395 3049 1495 3112 80,
1537 3051 1730 3100 Colum.
1765 3050 1857 3113 12,
1891 3050 1943 3101 3.
1987 3052 2098 3115 -6)
2136 3054 2213 3103 Εἰ.
2237 3055 2345 3104 Cic.
2380 3057 2454 3105 ad
2489 3061 2598 3106 Au.
2636 3057 2714 3123 6,

675 3145 709 3193 2
725 3181 741 3206 ,
759 3144 894 3193 Suet.
913 3144 1069 3193 Dom.
1091 3140 1172 3206 17,
1199 3141 1410 3205 Lampr.
1434 3140 1624 3191 Comm.
1647 3140 1729 3205 15,
1753 3140 2109 3191 Cubicularia
2125 3160 2245 3194 mos
2266 3146 2480 3195 ὶῶεκίον
2498 3148 2713 3214 occidit,

674 3248 792 3282 cum
825 3236 997 3283 omnia
1029 3248 1089 3280 ez
1119 3237 1255 3279 nictu
1294 3247 1468 3279 eorum
1501 3246 1698 3294 sempor
1723 3229 1940 3292 fecisset.
1960 3230 2096 3295 —7)
2132 3233 2207 3282 Cs.
2245 3233 2385 3285 Suet.
2420 3236 2477 3285 V
2470 3253 2577 3301 esp.
2597 3237 2666 3287 14
2694 3276 2714 3305 ,

673 3323 787 3372 Sen-
811 3324 872 3371 de
896 3320 1050 3371 mm.
1078 3317 1100 3368 1
1121 3356 1136 3381 ‚
1164 3319 1226 3368 10
1246 3356 1261 3382 ,
1282 3320 1343 3366 do
1366 3317 1547 3381 Benes.
1568 3318 1633 3384 0,
1655 3318 1750 3382 55,
1775 3319 1897 3370 Non
1918 3329 2042 3371 sunt
2063 3323 2153 3372 {sti
2168 3328 2360 3390 amici,
2383 3329 2713 3391 quinquin&

673 3427 858 3475 maqno
878 3411 1107 3473 januam
1142 3408 1383 3472 pulsant,
1415 3410 1511 3470 qui
1542 3410 1603 3456 in
1637 3411 1836 3472 primas
1862 3417 1910 3458 et
1925 3413 2175 3462 secundas
2195 3414 2534 3465 adrnisu'onu
2557 3418 2715 3481 diqu-

669 3508 864 3550 νεικέων
881 3536 897 3563 ,
922 3503 1021 3549 etc.
1046 3526 1106 3535 —
1128 3494 1180 3562 8)
1216 3496 1292 3545 Cs-
1316 3496 1570 3563 Lamprid.
1606 3497 1658 3545 in
1694 3498 1842 3549 Alos.
1867 3514 1916 3548 ο.
1936 3497 1967 3548 4
1985 3537 2000 3565 ,
2027 3501 2163 3551 Suet.
2191 3502 2229 3551 1.
2249 3518 2321 3567 c.‚
2344 3503 2510 3571 Lydus
2527 3506 2589 3571 2,
2616 3507 2712 3559 17.

669 3619 733 3632 -
750 3592 802 3649 9,
838 3592 914 3640 Cf.
937 3588 1080 3640 Ovid.
1099 3592 1218 3640 Am.
1241 3587 1264 3637 1
1289 3626 1305 3653 ,
1330 3587 1362 3636 6
1380 3624 1396 3652 ,
1422 3588 1558 3637 Suet.
1590 3588 1741 3639 mm.
1764 3588 1816 3637 5.
1837 3615 1902 3629 —-
1923 3590 2005 3656 10)
2042 3592 2118 3641 Cf.
2156 3592 2263 3642 Cic.
2289 3594 2402 3644 Cat.
2423 3596 2578 3661 2,1,
2601 3597 2711 3647 Co-

668 3683 793 3732 lum.
821 3681 881 3747 1,
905 3680 938 3730 9
957 3718 974 3746 ,
997 3680 1030 3728 2
1049 3678 1170 3744 ,15.
1191 3676 1358 3743 -11)
1396 3677 1607 3726 salvian.
1631 3678 1957 3743 deqnberm,
1982 3697 2033 3745 p.
2058 3680 2123 3729 96
2143 3682 2161 3747 (
2179 3681 2303 3748 108)
2326 3720 2342 3746 ,
2366 3687 2718 3751 σονοίραοωιε

668 3773 979 3834 silentiarios
998 3806 1014 3833 ,
1038 3774 1229 3834 pavent
1246 3774 1621 3831 procuratores.
1652 3767 1953 3816 silentiarios
1998 3769 2051 3817 in
2074 3770 2248 3818 Palatii
2289 3772 2466 3821 officiis
2507 3790 2713 3826 memo-

670 3861 884 3909 ravimus
903 3858 949 3928 ς.
973 3859 1087 3909 252.
1111 3858 1191 3907 Cf.
1214 3857 1338 3922 Lyd.
1359 3858 1391 3906 2
1412 3894 1428 3921 ,
1456 3857 1536 3906 17.
1557 3885 1619 3895 -
1642 3856 1724 3919 12)
1746 3858 1820 3908 Cf.
1846 3859 1954 3908 Cic.
1977 3860 2129 3910 Fam.
2156 3861 2249 3923 16,
2268 3861 2368 3925 21,
2392 3865 2465 3911 ad
2482 3868 2590 3914 Aet.
2615 3866 2712 3932 12,

669 3950 722 3999 6.
740 3978 800 3986 -
822 3950 901 4011 15)
925 3950 998 3997 Cf.
1019 3950 1154 3998 Suet.
1173 3951 1313 4012 Auq.
1337 3946 1401 3996 67
1422 3985 1438 4012 ,
1464 3949 1587 3998 Οωε.
1610 3947 1675 3996 74
1694 3985 1711 4013 ,
1730 3948 1835 3997 Cic.
1858 3951 1920 3998 de
1945 3949 2093 4000 Ome.
2117 3950 2148 3999 3
2167 3987 2185 4016 ,
2210 3949 2548 4017 60.—14)c¹·.
2572 3955 2711 4007 Hor.

599 4072 611 4080 -
670 4037 780 4090 Sat.
802 4037 860 4105 1,
884 4036 1261 4105 o‚78,Juven.
1292 4036 1505 4103 10116,
1537 4039 1788 4104 Quisquis
1824 4040 1992 4090 adhuc
2031 4057 2136 4091 iano
2167 4048 2376 4105 partam
2414 4043 2536 4092 colse
2590 4061 2718 4096 asso
