3111 4829
1359 414 1384 498 (
1424 412 1542 475 301
1589 414 1612 495 )

479 543 674 607 Pistor
707 541 776 632 5)
798 593 814 627 ‚
839 544 1081 609 Latialis
1112 544 1203 635 6).
1235 545 1484 633 Effigies
1513 546 1634 610 alia
1665 557 1793 611 erat
1815 546 2097 631 juvenis,
2128 546 2372 632 Vejovis
2400 546 2494 636 7),

468 655 587 719 alia
607 654 824 721 adulti.
851 658 1125 744 insignia
1149 660 1209 730 ei
1239 661 1480 725 fulmen
1498 708 1516 743 ,
1541 671 1884 745 sceptrum,
1912 659 2189 725 diadema
2205 709 2224 743 ‚
2253 662 2496 747 solium,

471 778 648 833 terrae
676 771 924 856 globus3
957 794 1141 838 saorae
1182 773 1387 839 eidem
1412 775 1618 861 aquila
1657 773 1856 864 (Jovis
1896 775 2021 841 ales
2042 823 2060 859 ,
2096 775 2404 865 armiger)
2435 787 2498 841 et

474 903 756 969 quercus.

541 1017 593 1080 1)
617 1019 756 1068 Inter
774 1023 936 1087 etymo
952 1022 1150 1085 javam
1173 1032 1339 1088 pater.
1365 1026 1441 1074 Cs.
1469 1026 1575 1074 Cio.
1600 1028 1661 1075 de
1685 1026 1757 1076 N.
1779 1028 1854 1077 D.
1879 1028 1913 1076 2
1931 1064 1947 1091 ‚
1966 1028 2031 1077 25
2049 1064 2065 1092 ,
2090 1027 2217 1077 Gen.
2241 1027 2274 1077 5
2294 1064 2309 1091 ‚
2332 1026 2413 1076 12.
2431 1054 2494 1065 —

475 1107 529 1171 2)
566 1108 822 1172 Tanquam
838 1148 853 1174 ,
878 1117 935 1160 ut
967 1116 1192 1165 nonnulli
1232 1116 1645 1180 interpretantur,
1669 1118 1776 1165 dies
1793 1118 1874 1166 vel
1892 1120 2003 1167 dieo·
2032 1125 2199 1182 pater.
2232 1117 2307 1165 Cf.
2326 1116 2457 1172 Dies
2477 1151 2496 1179 ‚

471 1199 620 1261 diue,
645 1205 744 1249 etc.
767 1201 831 1249 V.
856 1201 999 1250 Varr.
1023 1205 1084 1252 de
1105 1204 1169 1255 L.
1194 1206 1257 1254 L.
1282 1204 1341 1270 4,
1367 1222 1418 1271 p.
1445 1205 1525 1256 19.
1544 1231 1615 1248 -·
1632 1208 1684 1271 5)
1708 1205 1771 1256 V.
1805 1207 1946 1256 Ovid.
1966 1207 2112 1256 Feret.
2134 1205 2165 1253 5
2185 1243 2201 1269 ‚
2222 1205 2318 1256 525
2336 1241 2355 1271 ‚
2388 1205 2497 1258 Liv-

477 1286 538 1349 1,
562 1288 731 1335 20.-
754 1288 809 1351 4)
842 1291 917 1339 Cf.
956 1292 1061 1342 Liv.
1091 1293 1238 1358 1,10
1276 1302 1326 1345 et
1363 1297 1452 1359 12,
1476 1295 1713 1362 Prop.4,
1741 1297 1830 1358 11,
1870 1299 1994 1346 1.—
2018 1296 2070 1362 5)
2106 1296 2247 1345 ovid.
2271 1296 2335 1357 6,
2365 1294 2498 1358 550,

477 1374 614 1425 Lact.
642 1378 666 1425 1
687 1415 703 1443 ,
725 1379 810 1428 eo.
837 1409 896 1418 -
919 1381 973 1445 6)
1008 1383 1288 1433 cr.1.act.¹
1315 1424 1330 1450 ,
1352 1388 1434 1436 21.
1455 1388 1589 1451 -7)
1625 1387 1699 1436 cf.
1733 1387 1873 1437 ovid.
1908 1387 1971 1452 5,
2008 1386 2253 1451 awo-qq.
2290 1388 2342 1434 et
2370 1385 2499 1435 oen.

473 1462 536 1529 ὅ,
571 1463 653 1514 12.
909 1475 924 1488 ²
2074 1497 2077 1498 ⁷

568 1581 719 1646 291.
768 1581 1088 1669 Neptunus
1135 1583 1238 1675 1),
1276 1590 1436 1654 Jovis
1485 1593 1710 1677 frater,
1744 1593 1928 1659 maris
1966 1594 2192 1658 arbiter
2217 1640 2235 1676 ,
2276 1593 2498 1664 saeculo

477 1690 552 1755 U.
607 1691 672 1756 C.
708 1706 921 1779 quarto
959 1697 1121 1763 inter
1165 1699 1309 1766 deos
1353 1705 1570 1770 Romae
1617 1706 1931 1771 invenitur
1968 1705 2060 1795 2).
2110 1709 2269 1774 Cum
2301 1709 2500 1775 conso

476 1808 805 1873 confusum
835 1833 1016 1896 snpra
1047 1813 1073 1901 (
1088 1812 1150 1896 §.
1177 1813 1375 1906 284.)
1407 1817 1732 1884 docuimus
1780 1817 1869 1907 3).
1914 1821 2209 1885 Praeterea
2235 1821 2505 1906 plurima

476 1920 612 2005 ejus
647 1923 911 2008 epitheta
943 1949 978 1990 a
1019 1928 1248 1994 Graecis
1276 1944 1585 2020 usurpata.
1638 1933 1922 2018 Pingitur
1960 1935 2105 1998 alias
2149 1932 2380 2002 concha
2424 1932 2505 1999 ab

477 2037 651 2122 equis
686 2039 940 2105 marinis
987 2054 1233 2108 vectus:
1268 2045 1503 2110 circum
1533 2046 1860 2129 Nereides»,
1909 2048 2184 2116 Tritones
2216 2045 2281 2135 4)
2306 2094 2325 2129 ,
2368 2047 2506 2111 del·-

477 2148 726 2234 phines;
749 2152 898 2216 alias
930 2154 1156 2221 nudus,
1190 2158 1378 2221 Manu
1402 2158 1732 2223 tridentem
1752 2207 1770 2241 ,
1795 2160 2037 2244 insigne
2055 2206 2073 2242 ,
2098 2160 2284 2223 altera
2312 2180 2507 2246 quan-

477 2258 678 2346 doque
710 2262 1076 2349 delphinum
1123 2279 1307 2333 tenet.
1353 2271 1526 2356 Saepe
1571 2283 1631 2337 et
1679 2271 1904 2355 conjux
1943 2269 2315 2357 Amphitrite
2346 2271 2506 2355 jun-

479 2374 677 2460 gitur,
720 2380 851 2443 velo
875 2402 1056 2466 supra
1077 2394 1263 2468 caput
1285 2384 1586 2451 fluitante.
1612 2384 1798 2452 Oculi
1838 2387 2124 2473 Neptuno
2147 2386 2507 2453 tribuuntur

476 2490 723 2555 caerulei
754 2488 855 2578 5),
884 2495 992 2580 qui
1017 2496 1183 2560 color
1208 2508 1296 2573 est
1323 2498 1508 2565 maris
1534 2499 1842 2587 marisque
1874 2499 2167 2585 deorum3
2196 2500 2364 2568 unde
2391 2520 2506 2567 οω-

477 2600 686 2664 ruleus
716 2600 897 2687 deuS,
929 2606 1153 2692 frater,
1181 2618 1296 2676 etc.

543 2759 593 2815 1)
629 2761 825 2811 Diotum
847 2780 875 2812 e
910 2766 1146 2816 nubendo
1178 2767 1364 2819 finxere
1383 2806 1398 2829 ‚
1434 2772 1577 2834 quasi
1598 2787 1734 2821 mare
1768 2778 1819 2821 et
1839 2778 1996 2823 terras
2031 2774 2388 2823 obnubentem.
2424 2773 2505 2821 δίο

473 2849 631 2898 Varro
650 2852 791 2900 ἀοι.
811 2852 873 2902 L.
898 2853 930 2901 4
952 2890 967 2916 ‚
990 2856 1144 2920 p.2o.
1171 2858 1270 2906 Alii
1289 2875 1318 2906 a
1336 2863 1530 2910 nando.
1551 2862 1613 2910 V.
1634 2863 1739 2911 Cic.
1763 2866 1825 2915 de
1842 2864 1916 2915 N.
1941 2866 2017 2914 D.
2038 2866 2103 2926 2,
2125 2866 2222 2934 26,
2244 2865 2276 2914 5
2294 2902 2312 2928 ,
2333 2862 2416 2912 2⁴.
2434 2887 2505 2904 -

471 2941 522 3003 2)
559 2940 635 2987 Cf.
665 2941 773 2989 Liv.
797 2941 857 3007 5,
896 2944 976 2992 15.
996 2971 1060 2983 —
1079 2945 1131 3007 5)
1156 2947 1232 2997 Cf.
1268 2948 1410 3015 Vix-g,
1435 2952 1617 3013 Geor-9.
1642 2952 1664 3003 1
1690 2989 1706 3015 ,
1735 2953 1814 3005 12.
1836 2981 1899 2989 —
1918 2953 1969 3019 4)
2005 2954 2081 3005 Cf.
2116 2954 2256 3021 virg.
2285 2957 2408 3006 AEn.
2431 2956 2454 3003 1
2484 2990 2501 3021 ,

356 3053 370 3063 =
475 3027 599 3092 1:58,
624 3029 766 3079 Ovid.
786 3031 917 3084 Met.
939 3034 1004 3098 2,
1028 3034 1059 3083 8
1082 3051 1195 3099 sqq.
1216 3063 1279 3076 —
1299 3038 1352 3103 5)
1379 3039 1484 3087 Cic.
1509 3040 1660 3089 deN.
1681 3042 1757 3091 D.
1778 3041 1800 3090 1
1825 3078 1841 3105 ‚
1861 3043 1945 3092 50.

562 3172 714 3234 292.
762 3171 951 3255 Mars,
979 3171 1270 3261 idemque
1298 3179 1530 3245 Mavors
1562 3177 1663 3269 1),
1686 3183 1832 3247 Jove
1857 3193 1920 3248 et
1940 3185 2189 3250 ,Junone
2219 3188 2463 3272 genitus
2482 3236 2500 3272 ,

471 3291 540 3348 ut
570 3284 876 3370 praecipuo
919 3283 1024 3374 2),
1068 3289 1159 3353 sio
1187 3293 1427 3378 vulgari
1456 3295 1683 3382 opione
1707 3299 2132 3385 antiquissimo
2166 3299 2333 3385 apud
2356 3303 2503 3366 Ro·-

468 3420 685 3463 manos
727 3400 901 3465 cultu
934 3398 1039 3488 3),
1071 3413 1280 3488 utpote
1309 3407 1565 3473 Romuli
1596 3421 1661 3475 et
1695 3412 1881 3476 Remi
1914 3424 2086 3498 pater
2109 3463 2128 3497 ‚
2156 3436 2500 3500 compressa

468 3512 669 3597 Sylvia
700 3509 923 3603 (uia),
961 3515 1213 3582 Vestali.
1248 3518 1369 3585 Sed
1399 3524 1582 3587 multi
1612 3535 1672 3587 et
1717 3526 1942 3591 fabulae
1964 3526 2173 3612 hujus
2212 3538 2274 3592 et
2311 3528 2504 3612 ipsius

468 3625 581 3691 Dei
606 3629 807 3693 cultus
835 3628 1138 3714 originem
1164 3634 1509 3717 posterioris
1549 3618 1740 3701 aetatis
1784 3638 2021 3702 faciunt
2051 3637 2140 3727 4).
2180 3640 2261 3703 In
2284 3640 2501 3709 nomi—

471 3739 654 3805 nibus
680 3744 884 3811 Martis
920 3745 1222 3824 Quirinus
1266 3758 1326 3811 et
1349 3748 1685 3835 Gradivus,
1729 3774 1835 3835 ea,
1877 3775 2065 3840 quam
2107 3776 2288 3839 supra
2330 3754 2501 3820 dixi-

471 3875 636 3937 mus,
657 3854 1047 3926 distinctione
1076 3859 1350 3951 (286.),
1379 3865 1550 3928 Ultor
1580 3862 1678 3953 5),
1711 3866 2008 3953 Sylvanus
2036 3864 2136 3956 6),
2162 3868 2455 3935 Thracius
2480 3920 2499 3955 ,

467 3966 756 4054 Enyalius
779 4018 797 4054 ‚
835 3974 954 4039 alia
994 3975 1208 4041 Graeea
1253 3998 1441 4064 quam
1483 3978 1770 4064 plurima.
1822 3982 2073 4067 Templa
2118 3981 2253 4067 ejus
2279 3984 2498 4048 Romae

423 4064 426 4069 ’
467 4081 680 4164 plura,
727 4104 925 4148 unum
968 4100 1130 4157 extra
1169 4091 1400 4160 moenia
1444 4105 1823 4161 memoratur
1864 4090 1970 4182 7).
2000 4095 2267 4162 -Dicatus
2309 4085 2493 4162 etiam
