3111 4829
1320 350 1570 432 (489)

430 473 755 541 Minervam,
798 478 962 542 Quem
993 482 1222 544 sequitur
1259 487 1424 530 custos
1462 489 1694 545 anquam
1726 484 1939 533 vernula
1968 500 2150 549 capam.
2171 512 2232 522 —
2253 486 2336 549 15)
2370 487 2445 536 Cf.

434 565 614 616 Juven.
642 565 703 616 1⁴
724 603 741 631 ‚
765 566 848 616 21.
2102 565 2106 570 ’

524 763 674 826 495.
723 761 1128 827 Dominarum
1162 760 1482 825 beatarum
1523 757 1589 847 1)
1620 770 1754 823 tum
1790 759 1938 824 alias
1961 781 2289 827 numerosa
2314 785 2455 827 ser-

429 874 727 938 vientium
749 857 928 938 turba
952 870 1327 962 (lecticarii,
1350 871 1670 956 janitrices
1692 921 1711 957 ,
1737 873 2002 938 librariae
2026 922 2043 956 ‚
2078 885 2197 957 etc,
2220 871 2245 962 )
2266 924 2283 957 ,
2312 887 2444 941 tum
2478 897 2481 904 ’

429 1010 568 1075 quae
594 987 671 1052 ad
699 986 1003 1051 mundum
1043 986 1408 1051 muliebrem
1448 987 1714 1051 refertur
1744 984 1855 1076 2),
1902 988 2084 1074 longe
2115 990 2444 1056 maximam

426 1114 660 1188 partem
684 1123 865 1166 servae
884 1150 901 1183 ,
921 1100 1080 1165 inter
1099 1122 1269 1187 quas,
1298 1123 1330 1164 a
1356 1108 1576 1184 κοσμεῖν
1602 1154 1618 1183 ,
1654 1113 1952 1185 cosmetae,
1982 1102 2312 1167 ornatrices
2337 1101 2403 1190 3)
2426 1153 2444 1187 ,

425 1219 492 1281 in
524 1218 718 1304 iisque
740 1216 818 1281 ab
840 1238 956 1280 acu
980 1227 1042 1280 et
1069 1214 1095 1305 (
1108 1219 1166 1302 §.
1195 1212 1386 1302 457.)
1418 1238 1453 1280 a
1475 1215 1687 1279 tutulis
1720 1213 1785 1302 4)
1811 1226 2143 1281 occurrunt
2160 1265 2177 1298 ‚
2200 1217 2446 1283 minuta

426 1331 653 1396 scilicet
674 1342 921 1395 ornatus
946 1340 1112 1416 parte
1147 1328 1404 1415 singulis
1444 1329 1764 1414 permissa,
1807 1350 1929 1415 quo
1952 1330 2340 1415 perfectiores
2373 1331 2440 1395 in

421 1467 526 1508 sua
570 1466 828 1531 quaeque
866 1454 994 1507 arte
1031 1441 1373 1508 evaderent.
1400 1444 1470 1505 E.
1512 1443 1798 1507 masculis
1826 1441 1902 1506 ad
1942 1441 2061 1506 hoc
2089 1465 2284 1527 genus
2310 1455 2438 1508 tra-

421 1556 591 1621 hitur
612 1556 947 1620 cinerarius
973 1555 1331 1619 sive'ciniflo
1358 1603 1375 1639 ,
1398 1553 1735 1640 crispandis
1757 1555 1990 1640 capillis
2012 1556 2249 1619 ferrum
2276 1557 2442 1621 calc-

419 1668 669 1752 facien33
694 1668 809 1733 nisi
842 1668 1017 1734 malis
1035 1669 1307 1733 cinerem
1341 1668 1652 1755 tingendis
1681 1681 1897 1754 parant
1910 1692 2009 1736 em
2043 1692 2186 1734 cum
2209 1672 2439 1735 Boetti-

421 1802 565 1867 gero
586 1782 787 1846 facere
810 1778 897 1870 5).
915 1780 1011 1845 Ad
1037 1803 1311 1845 mensam
1330 1782 1640 1866 pertinent
1661 1793 1901 1846 vocator
1926 1778 2018 1869 6),
2036 1775 2319 1848 invitator
2344 1785 2439 1872 7),

418 1903 736 1980 opsonator
762 1889 852 1981 8),
882 1893 1131 1958 obsonio
1153 1891 1487 1957 coemendo
1503 1942 1520 1976 ,
1545 1914 1777 1980 coquus
1793 1942 1811 1977 ‚
1843 1893 2028 1979 pistor
2061 1893 2164 1985 (v.
2194 1894 2393 1984 infra)
2423 1947 2439 1981 ‚

415 1999 722 2071 (liaetarius
755 2002 947 2067 diaetis
974 2053 990 2084 ‚
1032 2014 1132 2086 et,
1171 2014 1240 2067 ut
1275 2002 1528 2090 quidam
1559 2005 1813 2087 volunt,
1841 2004 2117 2067 tricliniis
2148 2011 2270 2069 sive
2308 2028 2438 2071 coe-

415 2118 652 2183 nationi
693 2116 959 2179 maxime
1006 2116 1328 2199 praefectus
1373 2114 1399 2203 (
1427 2121 1489 2202 §.
1547 2117 1697 2179 468.
1725 2113 1750 2202 )
1780 2165 1797 2198 ‚
1847 2127 2105 2182 structor
2124 2166 2141 2201 ,
2197 2131 2436 2205 carptor

417 2230 446 2322 (
475 2230 682 2295 scissor
709 2225 737 2314 )
785 2238 846 2290 et
872 2225 1154 2290 diribitor
1177 2276 1194 2309 ‚
1237 2237 1495 2290 structor
1532 2248 1809 2292 mensam
1839 2228 1992 2292 cibis
2028 2249 2252 2295 ornans
2276 2281 2292 2314 ,
2336 2235 2434 2298 vel

419 2342 673 2409 secantis
695 2342 901 2426 etiam,
925 2339 1090 2428 quod
1114 2341 1424 2427 proprium
1445 2342 1759 2426 carptoris,
1778 2364 2039 2406 munere
2058 2343 2326 2431 fungens
2347 2344 2436 2434 9),

417 2456 695 2521 diribitor
726 2455 752 2546 (
775 2455 866 2519 cf.
901 2461 962 2546 §.
1004 2450 1200 2542 166.)
1245 2452 1476 2518 fercula
1500 2454 1768 2517 convivis
1811 2454 2221 2540 distribuens3
2262 2458 2435 2543 prae-

415 2585 686 2660 gustator
708 2574 1096 2659 ,κρανείας-ης,
1138 2568 1303 2632 cibos
1338 2577 1711 2655 praegustans
1758 2564 1895 2656 lo);
1942 2568 2237 2654 pincerna
2278 2570 2434 2657 11),

414 2691 629 2779 pocula
660 2689 921 2774 implens
948 2695 1005 2749 et
1031 2683 1384 2747 ministrans
1408 2704 1424 2766 ;
1450 2703 1578 2768 quo
1603 2678 1970 2764 trahuntur,
1998 2682 2163 2768 apud
2186 2684 2434 2781 Apule-7

407 2806 547 2890 jum
570 2799 679 2891 12)
705 2822 1032 2867 occurrens
1053 2847 1070 2878 ,
1100 2797 1411 2884 pocillator
1431 2844 1447 2877 ,
1489 2817 1641 2881 puer
1662 2793 1738 2858 ad
1762 2793 2051 2881 cyathum
2070 2793 2216 2882 13),
2248 2820 2283 2862 a
2306 2822 2431 2884 po-

409 2918 577 2982 tione
605 2915 736 3001 14).
759 2915 923 2978 Foris
953 2913 1221 2977 serviunt
1251 2908 1599 2989 insulariu3‚
1630 2907 1863 2971 aedibus
1892 2909 2244 2992 praepositus
2268 2911 2377 2999 15)
2405 2961 2423 2995 ,

412 3049 551 3117 quae
571 3077 588 3112 ,
609 3027 802 3090 libero
826 3024 1091 3088 circuitu
1122 3031 1438 3106 separatas,
1468 3020 1667 3083 insula
1689 3018 1772 3107 (§.
1804 3015 1940 3104 46.)
1973 3018 2149 3083 dictae
2173 3069 2191 3103 ,
2236 3025 2421 3110 vulgo

412 3140 691 3232 pluribus
719 3141 927 3204 locatae
950 3132 1082 3225 16),
1109 3135 1422 3199 balneator
1445 3181 1462 3216 ,
1483 3131 1804 3196 viridarius
1827 3178 1843 3215 ‚
1872 3154 1909 3196 a
1948 3131 2166 3195 tabulis
2187 3133 2386 3201 dictus
2405 3187 2421 3221 ‚

411 3253 760 3322 tabellarius
783 3302 800 3337 ,
826 3250 1101 3338 epistolas
1125 3249 1431 3335 perferens
1458 3241 1601 3332 17),
1643 3245 1745 3310 sed
1766 3244 1929 3309 idem
1953 3240 2321 3312 vocabulum
2343 3250 2421 3315 de

410 3367 746 3436 rationibus
771 3375 1128 3449 usurpatum
1158 3386 1176 3444 ;
1204 3354 1587 3446 fugitivarius
1625 3360 1650 3448 (
1671 3363 1730 3446 §.
1765 3360 1874 3423 55.
1901 3354 1929 3445 )
1952 3407 1968 3441 ,
1994 3371 2234 3424 vocator
2263 3410 2279 3444 ‚
2308 3386 2424 3427 no-

405 3481 782 3561 menclator,
813 3478 978 3539 velut
1001 3472 1465 3538 candidatorum
1489 3469 1516 3560 (
1539 3472 1594 3554 S.
1630 3474 1752 3533 184
1777 3468 1836 3556 );
1861 3468 2257 3556 pedissequus
2288 3472 2423 3561 18),

407 3596 531 3661 alii.
581 3595 655 3658 In
687 3591 919 3656 familia
951 3588 1171 3655 rustica
1197 3636 1213 3669 ,
1247 3584 1498 3673 quidam
1525 3584 1591 3647 in
1618 3593 1875 3669 utraque
1900 3632 1917 3666 ‚
1955 3595 2269 3668 ponuntur
2298 3586 2424 3649 vil—

317 3750 318 3753 =
406 3709 561 3773 licus
579 3756 596 3789 ,
628 3719 793 3772 actor
819 3755 837 3790 ‚
867 3715 1095 3768 sutores
1116 3750 1133 3785 ,
1159 3699 1584 3781 sarcinatores,
1611 3707 1866 3761 textores
1891 3745 1908 3780 ,
1948 3697 2240 3761 muliones
2266 3696 2417 3785 19),

407 3821 675 3887 rhedarii
710 3820 822 3909 20)
853 3871 870 3904 ,
910 3829 1170 3883 aratores
1195 3865 1211 3898 ,
1251 3814 1537 3879 vinitores
1560 3862 1578 3896 ,
1620 3823 1929 3875 venatores
1952 3859 1969 3894 ,
1992 3812 2267 3896 magistri
2295 3834 2419 3897 pe-

407 3957 618 4003 corum
646 3983 663 4017 ‚
708 3933 965 3999 bubulci
991 3982 1008 4016 ‚
1038 3931 1343 3995 molitores
1371 3976 1388 4011 ,
1429 3927 1680 4013 pistores
1712 3924 1852 4013 21),
1874 3925 2019 4012 pani
2047 3974 2065 4009 ‚
2089 3926 2383 4010 placentis
2405 3977 2422 4012 ,

406 4052 796 4140 boulanqer,
840 4050 1192 4136 ptuissae'er,
1241 4054 1354 4108 etc.

2018 4152 2096 4211 62
