3111 4829
1339 407 1363 488 (
1402 405 1477 467 71
1522 405 1547 488 )

443 540 544 605 Ab
577 539 853 625 utrisque
888 538 1006 602 sub
1040 537 1288 624 regibus
1310 534 1410 623 5),
1448 547 1511 601 et
1537 536 1917 624 aliquamdiu
1953 539 2015 602 in
2046 536 2233 605 libera
2260 542 2444 606 etiam

440 653 681 719 civitate
709 651 935 716 exclusi
961 650 1188 738 plebeji
1207 699 1226 735 ‚
1258 671 1375 716 nec
1398 650 1609 714 minus
1639 661 1913 730 asenatu
1933 695 1960 726 ,
1994 673 2179 738 quem
2207 653 2446 719 mireris
2545 686 2546 689 ¹

438 766 586 851 jure
642 764 946 830 honorum
999 787 1124 830 non
1173 762 1682 850 comprehensum
1744 762 1823 828 ab
1890 764 2263 851 antiquariis.
2326 767 2449 833 Sed

443 888 580 965 post
635 878 934 943 Tribunos
975 878 1143 963 plebi
1188 877 1539 964 AEdilesque
1590 896 1939 962 concessos,
1978 881 2208 945 acriore
2255 856 2451 969 usque

441 992 734 1059 ordinum
772 995 1161 1059 contentione
1183 1043 1200 1077 ,
1241 995 1480 1080 patricii
1518 1016 1764 1081 quoque
1789 995 2177 1081 magistratus
2197 1045 2216 1081 ,
2234 996 2304 1062 in
2343 999 2454 1062 iis-

444 1128 571 1195 que
616 1130 672 1173 a.
714 1094 877 1173 387.
930 1095 1321 1192 consulatfis,
1377 1118 1595 1193 praeter
1638 1108 2017 1196 Interregem
2081 1130 2292 1174 omnes
2315 1155 2333 1191 ‚
2393 1120 2457 1174 et

446 1221 776 1288 sacerdotia
820 1244 1066 1323 quoque
1091 1270 1109 1305 ‚
1164 1220 1424 1307 exceptis
1469 1230 1674 1285 tamen
1720 1242 1867 1285 cum
1918 1223 2051 1286 aliis
2102 1225 2413 1288 nonnullis
2436 1273 2455 1307 ,

446 1347 583 1402 tum
624 1339 798 1422 Rege
856 1348 1267 1402 sacrorumet
1298 1335 1686 1406 ,Flaminibus
1735 1335 2070 1420 majoribus
2128 1334 2257 1425 6),
2310 1361 2457 1405 cum

444 1454 625 1539 plebe
686 1452 1154 1519 communicata.
1224 1450 1323 1514 Ab
1369 1449 1707 1514 honoribus
1736 1497 1754 1532 ‚
1806 1451 2090 1537 inprimis
2151 1452 2218 1516 in
2269 1454 2458 1521 libera

446 1566 689 1631 civitate
713 1614 733 1650 ,
773 1564 1014 1632 excludi
1054 1587 1162 1650 par
1198 1574 1326 1629 erat
1368 1563 1720 1649 peregrinos
1748 1560 1838 1650 7).

519 1755 643 1822 1)V.
663 1756 796 1805 Suet.
816 1755 937 1805 θαι.
954 1753 1157 1819 41.—2)
1170 1754 1291 1803 Tac.
1308 1755 1449 1803 Anu.
1470 1753 1520 1817 1,
1537 1752 1620 1817 15,
1632 1753 1723 1802 Dio
1738 1753 1867 1804 Casu.
1890 1751 1974 1817 58,
1991 1754 2194 1820 20.-3)
2216 1755 2465 1810 Suet-Cal.

448 1844 1232 1910 16.cf.niocm.59‚9.-⁴)V.
1254 1824 2466 1913 ausurae.1.§.1.et'‘17.11u50§.299.01300.

451 1935 531 1984 cf.
554 1935 835 2000 Hackeldey
849 1930 894 2002 §.
908 1933 992 1983 35.
1009 1933 1074 1982 Ut
1095 1934 1302 1983 Baebius
1315 1934 1399 1982 luc
1419 1933 1552 1998 leges
1569 1937 1679 1997 post
1686 1932 1939 1981 Tiberium
1956 1918 2097 1982 veras
2119 1936 2278 1986 nullas
2300 1952 2469 2000 agnos-

451 2026 528 2074 eit
547 2061 563 2088 ,
583 2026 651 2074 ita
672 2025 766 2075 sub
787 2024 1008 2088 Augusto
1024 2040 1125 2073 non
1143 2025 1513 2089 magistratuum
1537 2023 1684 2072 modo
1704 2061 1720 2087 ,
1752 2023 1837 2072 sed
1857 2024 2022 2086 legum
2045 2007 2243 2088 quoque
2262 2029 2473 2077 comitiis

454 2116 714 2182 pristinam
734 2115 905 2180 populi
923 2114 975 2163 in
989 2113 1233 2176 suffragiis
1258 2114 1470 2163 remudis
1486 2113 1766 2162 libertatem
1783 2111 2014 2175 abfuisse,
2029 2128 2216 2177 rei-mn,
2233 2130 2348 2177 quae
2365 2121 2472 2165 tum

453 2212 592 2269 erat,
613 2205 885 2268 conditioni
910 2209 1291 2253 consentaneum
1316 2202 1416 2267 (οῖ.
1435 2202 1527 2250 Dio
1545 2201 1678 2249 Cass.
1694 2200 1726 2249 5
1741 2237 1757 2262 ,
1776 2200 1828 2264 5,
1849 2200 1965 2265 21.)
1991 2198 2232 2250 Gaeoenun
2247 2219 2340 2251 nec
2358 2220 2472 2253 cum

456 2296 684 2345 Schulzio
703 2331 719 2358 ,
743 2310 840 2343 von
857 2295 911 2341 d.
943 2292 1000 2341 V
994 2292 1380 2341 olkeversamml.
1402 2291 1456 2339 d.
1476 2289 1675 2340 Roemer
1702 2304 1815 2353 pag.
1848 2288 1943 2337 175
1963 2326 1979 2353 ,
2004 2295 2140 2340 recte
2172 2294 2437 2343 contendes
2457 2332 2474 2358 ‚

454 2385 592 2450 leges
611 2384 705 2434 sub
740 2382 958 2446 Augusto
979 2396 1181 2446 prorsus
1216 2380 1376 2429 nullas
1406 2380 1554 2443 latas,
1575 2379 1675 2428 sive
1693 2414 1710 2444 ‚
1746 2383 1803 2428 ut
1823 2378 1926 2444 ipse
1947 2380 2044 2446 ait,
2072 2395 2101 2429 a
2133 2382 2315 2447 populo
2341 2382 2479 2435 datas

455 2491 595 2539 ωας
618 2481 669 2524 et
695 2489 782 2524 noe
803 2488 1033 2538 quoque,
1070 2472 1122 2520 in
1145 2471 1393 2537 prioribus
1426 2471 1574 2536 hujus
1595 2470 1710 2519 libri
1732 2469 2030 2520 editionibus
2047 2508 2063 2535 ,
2095 2489 2351 2539 suppressa
2368 2481 2477 2527 tum

454 2567 629 2629 legum
645 2563 844 2614 comitia
857 2598 875 2628 ‚
894 2577 1152 2628 perperam
1170 2561 1380 2610 diximus
1401 2578 1413 2609 :
1438 2558 1574 2623 quod
1591 2560 1634 2607 si
1653 2560 1716 2609 ad
1732 2560 1865 2624 leges
1878 2576 1994 2609 vere
2011 2563 2195 2626 populo
2209 2567 2482 2629 propositas

458 2653 735 2719 referatur,
754 2654 929 2702 falsum
948 2689 965 2717 ‚
987 2652 1064 2701 sin
1082 2652 1144 2701 ad
1161 2651 1373 2700 liberum
1393 2650 1498 2715 ejus
1517 2649 1570 2698 in
1587 2649 1820 2715 jubendis
1836 2650 2095 2701 arbitrium
2116 2690 2132 2717 ‚
2154 2669 2255 2702 non
2274 2657 2486 2706 absurde

460 2742 777 2791 adfirmatum
799 2756 904 2790 esse
920 2777 936 2804 ,
960 2738 1197 2788 invenias.
1216 2766 1278 2775 —-
1298 2739 1351 2803 5)
1374 2737 1450 2786 Cf.
1472 2737 1673 2803 Dionys.
1691 2738 1756 2802 2,
1773 2738 1824 2788 9.
1845 2768 1906 2777 ——
1926 2739 1979 2804 θ)
1997 2738 2062 2788 V.
2079 2741 2226 2791 Hein.
2244 2745 2383 2808 App.
2399 2744 2487 2796 66.

467 2830 599 2898 -7)
618 2832 681 2880 V.
704 2829 849 2880 Hein-
866 2829 939 2879 ib.
957 2827 1106 2880 etffl.
1122 2828 1199 2878 Εἰ.
1222 2827 1341 2877 Tac.
1363 2830 1502 2877 Ams-
1525 2827 1619 2892 11,
1638 2825 1723 2876 24.

559 3000 663 3063 78.
710 2998 823 3061 Jus
865 3016 1174 3060 sacrorum
1219 2993 1477 3059 deorum
1520 2996 1696 3059 cultu
1739 2994 2087 3082 ritibusque
2129 2997 2318 3061 sacris
2363 2999 2488 3062 sive

472 3091 773 3195 religiosis
796 3108 1027 3172 civium
1064 3109 1488 3172 Romanorum
1524 3107 1898 3174 continetur.
1938 3108 2015 3172 In
2058 3109 2239 3172 sacris
2269 3108 2492 3174 discer-

476 3220 681 3287 nenda
719 3220 964 3308 publica
996 3243 1034 3285 a
1066 3220 1345 3306 privatis,
1385 3217 1485 3307 1),
1509 3220 1611 3285 illa
1644 3220 2004 3307 reipublicae
2039 3221 2292 3286 nomine
2320 3243 2494 3287 sum-

476 3346 670 3421 tuque
711 3333 958 3419 publico
1000 3331 1302 3397 celebrata
1342 3328 1452 3418 2),
1493 3332 1779 3398 omnibus
1814 3332 2051 3397 civibus
2095 3334 2448 3398 communia
2475 3384 2492 3417 ,

478 3448 708 3535 privata
744 3448 1003 3532 singulis
1035 3446 1322 3532 gentibus
1358 3446 1727 3534 familiisque
1765 3448 2009 3533 propria
2046 3457 2222 3512 erant
2241 3495 2259 3530 ‚
2288 3448 2497 3534 sicque

483 3561 711 3646 privato
748 3563 949 3648 potius
989 3561 1247 3626 civitatis
1286 3559 1419 3643 juri
1462 3559 1943 3627 adnumeranda.
1984 3562 2060 3626 In
2096 3561 2358 3648 publicis
2380 3585 2498 3627 an-

480 3674 729 3761 tiquarii
782 3675 1171 3762 distinguunt
1215 3674 1423 3739 focum
1444 3722 1462 3757 ‚
1507 3675 1630 3739 sive
1676 3697 1846 3741 sacra
1887 3673 2244 3739 eommunia
2284 3675 2453 3741 urbis
2479 3728 2496 3762 ,

484 3812 521 3854 a
557 3789 898 3876 virginibus
935 3788 1280 3858 Vestalibus
1305 3838 1323 3873 ‚
1359 3789 1524 3854 focos
1568 3789 1884 3854 curiarum
1928 3788 1954 3878 (
1969 3793 2030 3876 §.
2070 3787 2244 3877 132.)
2271 3838 2289 3873 ‚
2314 3814 2351 3855 a
2377 3793 2500 3856 suis

487 3903 880 3988 cui-ionibus,
913 3903 1076 3968 socos
1108 3926 1437 3995 pagorum,
1469 3904 1536 3968 in
1567 3926 1713 3991 agro
1744 3904 2026 3969 Romano
2055 3903 2214 3970 circa
2248 3905 2500 3992 urbem,

490 4037 528 4079 a
567 4015 690 4080 suis
733 4013 1143 4080 sacerdotibus
1183 4029 1422 4082 curatos
1447 4065 1464 4100 ‚
1510 4039 1633 4104 quo
1677 4015 1971 4082 trahenda
2013 4011 2110 4106 (§.
2148 4014 2328 4104 143.)
2379 4041 2502 4103 pa—

492 4130 731 4216 ganalia
775 4132 842 4217 3)
888 4152 922 4194 a
985 4129 1175 4195 servio
1221 4130 1513 4198 instituta.
1581 4131 1678 4196 Ab
1728 4130 1942 4196 iisdem
2004 4132 2184 4196 sacris
2240 4154 2503 4219 paganos
