3111 4829
1294 411 1547 492 (265)

399 536 573 604 legunt
593 543 845 590 vicesimo.
863 567 927 580 —
946 535 1000 598 ’1)
1033 540 1170 589 Suet.
1194 541 1333 605 Auq.
1355 540 1421 590 52
1431 576 1450 606 ,
1474 539 1561 590 cix
1583 542 1822 590 concessit
1838 576 1856 604 ,
1882 543 1943 590 ue
1960 537 2183 604 cinquln‘s
2203 539 2439 589 ‹Iecur-12⁴1

396 645 497 694 por
517 633 648 678 vicu
675 645 858 678 annua
894 631 1089 678 vacatio
1111 638 1251 678 essct.
1271 658 1332 668 --
1353 629 1405 693 8)
1443 630 1518 678 Cf.
1558 630 1694 678 Suet.
1732 630 1915 679 Claud.
1937 627 1998 677 15
2013 665 2029 690 ‚
2048 628 2180 676 Ptin.
2202 628 2259 677 E
2257 645 2312 691 p.
2342 628 2404 677 10
2421 647 2444 677 ι

405 718 471 768 ὓῦ
490 753 506 780 ,
544 717 707 782 Diqq.
732 717 902 766 tituto·
923 718 984 766 do
1006 717 1271 777 Iud-‘citu
1294 719 1355 766 do
1382 716 1568 766 Vacat.
1611 726 1662 767 oe
1681 718 1881 768 Eaecm.
1906 733 2052 767 mun.
2070 736 2090 777 ,-
2114 719 2175 767 do
2194 717 2357 767 Mun.
2383 723 2443 767 <rt

415 806 561 856 Hon.

1105 936 1489 986 Pnocssnmtm
1534 939 1749 985 RA'rxo.

510 1103 661 1174 271.
711 1105 897 1172 Initio
930 1109 1212 1195 patricii,
1251 1115 1462 1195 utpote
1508 1099 1620 1172 soli
1651 1119 1785 1172 tum
1809 1156 1827 1191 ‚
1869 1118 1933 1172 et
1961 1105 2232 1173 maxime
2288 1107 2462 1174 Pon-⁴

419 1221 614 1286 tifices
667 1212 763 1309 (§.
822 1226 975 1287 318.
998 1219 1059 1309 ),
1097 1221 1258 1306 juris
1316 1221 1634 1285 scientiam
1682 1219 2014 1301 habenteS,
2065 1244 2138 1286 ex
2192 1223 2457 1286 Romuli

422 1332 700 1397 instituto
731 1332 823 1422 (ς.
854 1330 1042 1420 140.)
1074 1334 1329 1397 clientes
1362 1356 1498 1397 suos
1520 1334 1586 1396 in
1617 1332 1815 1395 causis
1835 1352 1908 1396 co
1922 1333 2101 1397 nsilio
2127 1333 2459 1418 juvabant,

423 1447 710 1533 legesque
739 1448 1296 1532 interpretabantur
1330 1447 1439 1537 (de
1465 1447 1613 1532 jure
1637 1444 2090 1531 respondere),
2118 1445 2463 1511 necessaria

425 1570 562 1624 tum
584 1607 602 1641 ,
653 1569 900 1645 excepto
935 1561 1198 1646 populo,
1243 1582 1412 1624 servo
1444 1571 1506 1623 et
1551 1560 1828 1646 pupillo,
1864 1559 2244 1644 litigantium
2290 1579 2465 1643 prze-

428 1672 657 1754 sentia,
687 1671 983 1758 nulloque
1012 1673 1261 1737 alterius
1288 1695 1534 1738 causam
1568 1685 1793 1760 agente
1827 1673 1927 1764 (v.
1970 1673 2130 1738 Hein
2165 1672 2254 1740 IV
2275 1722 2293 1756 ‚
2337 1677 2419 1737 10
2445 1721 2465 1756 ,
2534 1729 2541 1730 a

438 1788 502 1851 2.
527 1784 620 1850 Cf.
647 1783 921 1872 Dupont.
953 1785 1286 1875 Diequiu.
1321 1810 1385 1874 p.
1418 1785 1616 1875 210.)
1649 1785 1846 1852 Iidem
1877 1786 2070 1873 igitur
2096 1786 2281 1873 primi
2315 1785 2470 1850 ritus

436 1900 562 1962 sive
593 1910 762 1963 actus
794 1900 1210 1989 formulasque
1244 1897 1307 1964 in
1344 1882 1489 1986 jure
1519 1897 1747 1988 agendi
1778 1901 2053 1987 legitima
2108 1897 2184 1988 1)
2227 1899 2470 1964 consti-

437 2021 694 2076 tuerunt
720 2060 738 2096 ,
772 2014 933 2102 ἱερὴ·
966 2019 1300 2078 actionum
1330 2012 1397 2101 2)
1429 2012 1684 2078 nomine
1716 2012 2157 2099 comprehensa
2189 2010 2256 2099 3)
2280 2061 2297 2096 ,
2329 2033 2472 2098 quae
2533 2037 2540 2049 ·

438 2123 518 2188 ad
551 2125 701 2188 alios
726 2145 974 2212 quoque
1004 2138 1175 2191 actus
1203 2129 1481 2190 solennes
1504 2177 1520 2209 ‚
1548 2128 1938 2208 voluntariae,
1974 2138 2043 2189 ut
2085 2127 2336 2210 Dupont
2375 2125 2472 2187 lo-

441 2240 653 2327 quitur
683 2239 1037 2328 (Diequies
1083 2263 1143 2325 p.
1202 2236 1361 2328 10),
1392 2240 1876 2323 jurisdictionis,
1915 2239 2188 2304 velutad
2227 2239 2293 2301 in
2326 2238 2473 2322 jure

441 2343 777 2417 cessionem
824 2351 849 2442 (
862 2348 920 2432 §.
975 2349 1125 2441 99.)
1150 2401 1168 2438 ‚
1200 2352 1574 2436 vindictam,
1622 2354 2220 2438 emancipationem,
2267 2352 2474 2438 adop-

441 2464 676 2528 tionem
696 2513 713 2547 ,
744 2467 1122 2552 tutelamque
1150 2467 1451 2529 cessitiam
1477 2465 1502 2555 (
1514 2468 1575 2551 §.
1617 2468 1766 2531 112.
1785 2462 1842 2554 ),
1879 2467 2165 2534 translata
2190 2477 2332 2529 sunt
2355 2489 2373 2549 3
2405 2466 2474 2532 in

441 2577 694 2662 judiciis
718 2588 924 2641 autem
952 2579 1175 2663 partim
1199 2578 1279 2643 ad
1308 2579 1560 2642 initium
1592 2580 1749 2662 litis,
1780 2584 1856 2643 in
1875 2583 2004 2669 jue
2037 2583 2431 2644 vocationem
2452 2627 2475 2654 ‚

446 2693 670 2779 partim
697 2691 774 2755 ad
805 2694 1123 2755 actionem
1154 2714 1191 2755 a
1216 2693 1479 2756 Praetore
1507 2691 1837 2778 petendam
1864 2741 1881 2775 ‚
1912 2699 2131 2783 resque
2157 2715 2192 2756 a
2221 2693 2481 2778 petitore

450 2802 547 2893 (ς.
568 2804 752 2891 266.)
778 2805 872 2868 vel
892 2804 1253 2888 adversario,
1281 2815 1389 2869 aut
1409 2805 1488 2869 ab
1518 2816 1786 2891 utroque
1816 2804 2222 2890 praestandaS,
2255 2806 2505 2890 partim.

452 2918 721 3004 denique
776 2918 854 2983 ad
906 2918 997 2982 rei
1052 2918 1174 2982 sive
1224 2936 1426 2982 causae
1467 2918 1887 3002 cognitionem
1910 2965 1927 2998 ,
1967 2917 2407 3004 judiciumque
2449 2940 2489 2982 a

453 3032 715 3097 Praetore
759 3032 1259 3097 constituendum
1305 3033 1683 3095 referuntur.
1720 3032 2028 3094 Caeterum
2051 3079 2069 3113 ‚
2100 3031 2218 3095 alia
2264 3053 2337 3094 ex
2376 3052 2488 3096 ae·-

453 3146 619 3209 tibus
653 3146 773 3209 illis
798 3146 1201 3231 formulisqne
1231 3144 1492 3230 singulis
1520 3143 1733 3206 litibus
1778 3138 2021 3227 propria
2052 3164 2180 3206 esse
2200 3191 2218 3225 ,
2252 3143 2371 3207 alia
2408 3143 2489 3208 ad

455 3260 635 3345 plura
663 3271 769 3323 aut
799 3259 1007 3323 omnia
1036 3260 1218 3322 etiam
1250 3279 1478 3343 genera
1518 3258 1825 3341 pertinere
1850 3306 1866 3336 ‚
1899 3278 1993 3320 res
2023 3257 2151 3341 ipsa
2175 3267 2336 3321 vetat
2359 3305 2376 3339 ‚
2409 3279 2487 3321 ne

458 3371 833 3436 dubitemus.
861 3370 957 3433 Ad
985 3370 1396 3434 diversitatem
1423 3391 1565 3433 vero
1591 3370 1656 3433 in
1682 3368 2073 3455 procedendo
2094 3419 2110 3451 ‚
2137 3380 2199 3432 et
2226 3370 2490 3435 maxime

460 3485 528 3548 in
551 3485 660 3548 lite
688 3482 1046 3547 intentanda
1072 3531 1090 3566 ‚
1121 3481 1474 3565 trahendae,
1507 3503 1660 3568 quas
1692 3482 1879 3564 Cajus
1904 3481 2267 3569 distinguit,
2298 3484 2492 3572 quin-

462 3621 586 3686 que
613 3599 767 3686 legis
790 3596 1059 3662 actiones
1075 3645 1092 3678 ‚
1115 3596 1325 3660 dicens
1351 3593 1434 3684 (4
1456 3642 1474 3677 ‚
1506 3594 1656 3681 12.)
1682 3618 1696 3659 :
1725 3595 1897 3682 Leqa
1925 3607 2145 3658 autem
2172 3595 2496 3683 aqebatur

462 3712 675 3777 modic
703 3716 988 3800 quinquo
1007 3736 1030 3773 .-
1056 3721 1473 3773 .sacramento
1489 3732 1518 3787 ,·
1535 3707 1938 3796 perjudicie
1958 3690 2519 3795 postulationem}

453 3848 581 3913 per
609 3825 1080 3890 condictionem
1092 3847 1121 3903 ,-
1146 3844 1267 3913 per
1298 3844 1538 3887 manue
1568 3823 1984 3909 injectionem
2001 3845 2030 3901 ,-
2055 3824 2177 3909 per
2197 3826 2502 3912 piqnorae‘e

466 3942 808 4028 capiomm
838 3936 927 4027 4).

543 4102 599 4166 1)
625 4103 701 4157 Cf.
724 4101 967 4151 Hackeld.
1007 4101 1058 4169 S.
1094 4102 1179 4150 55.
1205 4128 1268 4142 --
1288 4101 1341 4167 2)
1368 4098 1510 4165 Cujus
1534 4097 1593 4163 4,
1631 4099 1686 4149 11
1710 4134 1728 4164 ,
1750 4100 1822 4149 oie
1848 4100 2115 4165 adpellata:
2136 4100 2205 4149 ait
2222 4136 2242 4166 ,
2268 4103 2346 4149 vet
2370 4105 2508 4166 quod
2544 4129 2550 4137 ·

1645 4200 1648 4205 ’
2096 4190 2178 4248 34
2458 4188 2461 4197 '
