3111 4829
1637 410 1855 495 (50)

754 563 905 614 Asin.
923 557 949 609 1
967 594 986 622 ‚
1002 558 1029 608 1
1047 593 1064 620 ,
1082 555 1163 606 16.
1185 551 1332 618 Apul.
1354 548 1483 601 Mat.
1501 546 1555 597 8.
1587 545 1676 597 Ιῦἰ
1690 543 2029 608 complurium
2046 539 2396 603 ,iumentorum
2422 534 2645 585 mallio&
2659 533 2756 580 eie·-

706 712 713 715 ,
762 650 936 698 cuitus
954 642 1306 707 intorquebant
1340 639 1498 688 molas
1531 635 1739 697 amboqe
1763 633 1937 694 varia,
1966 632 2066 680 etc.
2099 627 2238 676 Idem
2269 626 2332 676 de
2355 624 2514 690 operis
2530 619 2751 688 pistrini:

757 738 841 789 Du·
855 737 975 785 bom·
988 767 1009 798 ‚
1033 732 1207 796 quales
1223 729 1286 777 1ιί
1304 724 1635 788 homunculi,
1655 720 1898 771 vibicibus
1918 719 2151 767 nondinis
2185 722 2338 765 totam
2359 721 2521 763 cutem
2536 709 2724 776 depicti
2735 740 2756 771 ‚

755 853 817 866 -
835 827 911 872 εἰσ
932 822 1185 882 tunicati,
1225 823 1288 869 ut
1305 821 1467 864 ment
1482 828 1578 877 per
1605 808 1866 874 pannulos
1900 804 2189 868 manifesti,
2214 803 2408 866 frontes
2438 802 2644 850 limo-ati
2653 831 2673 862 ,
2710 800 2760 844 σε

749 914 1001 979 capillum
1020 909 1284 970 semirasi,
1306 904 1521 968 oepedoe
1541 899 1799 949 annulati.
1816 923 1878 934 —
1899 895 1953 960 6)
1976 894 2052 943 cf.
2072 893 2174 957 eaj.
2199 891 2258 953 1,
2283 890 2364 940 15.
2385 916 2443 927 --
2463 888 2517 952 7)
2540 887 2615 936 Cf.
2635 886 2755 933 Ilor-

750 1002 864 1055 δαί.
882 1000 907 1049 1
927 1034 944 1062 ,
965 998 1029 1062 5,
1052 995 1147 1061 80,
1170 994 1350 1043 Juven.
1372 990 1434 1054 6,
1456 988 1583 1049 219,
1617 986 1721 1035 Cic.
1754 984 1901 1033 Vm.
1925 982 1988 1047 5,
2007 980 2089 1032 64.
2108 1008 2168 1019 -
2188 977 2340 1043 8)cs.
2357 977 2476 1025 Tac.
2495 977 2636 1025 Arm.
2661 971 2756 1035 14,

754 1089 822 1140 42
841 1123 859 1152 ,
880 1084 1050 1136 BetuL
1072 1100 1123 1133 v.
1155 1082 1224 1145 Ξ,
1262 1096 1317 1146 p.
1339 1076 1453 1128 157.
1473 1104 1534 1115 -
1554 1074 1607 1140 9)
1627 1074 1692 1123 V.
1724 1072 1843 1121 Tac.
1879 1072 2022 1120 Anu.
2059 1066 2155 1130 14,
2193 1065 2277 1116 45.
2298 1091 2358 1102 -
2377 1061 2460 1127 10)
2496 1062 2571 1110 Cf.
2608 1060 2756 1126 Apul.

750 1176 964 1228 Metam.
988 1175 1050 1236 6,
1085 1169 1198 1222 114.
1216 1196 1278 1208 --
1301 1166 1384 1233 11)
1422 1165 1501 1215 Cf.
1533 1164 1650 1212 Ter.
1672 1162 1866 1212 Heaut.
1885 1160 1919 1210 4
1937 1194 1955 1222 ,
1992 1157 2054 1222 2,
2095 1157 2178 1207 11.
2195 1183 2256 1194 -
2274 1152 2518 1218 12)1⁷10r.
2554 1150 2588 1200 5
2605 1187 2622 1215 ,
2659 1150 2721 1200 19
2740 1183 2757 1213 ,

750 1266 905 1315 Varro
925 1260 1073 1313 «1012.
1099 1259 1169 1310 R.
1191 1256 1254 1321 5,
1273 1254 1371 1321 14,
1395 1254 1518 1305 Coa.
1548 1247 1739 1302 Theod-
1758 1240 2305 1313 1⁰,12,1,creuz.§.
2328 1241 2411 1293 45.

841 1406 946 1468 56.
972 1397 1148 1464 Servi
1182 1416 1300 1460 nec
1318 1391 1395 1459 ad
1418 1390 1704 1455 militiam
1725 1385 2202 1452 admittebantur
2233 1383 2318 1467 1),
2346 1403 2458 1446 nec
2484 1381 2760 1445 testimo-

757 1518 936 1581 nium
989 1512 1194 1576 dicere
1238 1511 1278 1570 2
1325 1555 1344 1590 ,
1387 1526 1503 1569 nec
1548 1511 1984 1566 testamentum
2022 1499 2223 1562 facere
2253 1501 2317 1585 3)
2341 1545 2358 1579 ,
2412 1515 2615 1581 neque
2650 1502 2761 1558 aut

747 1625 1082 1693 hereditate
1103 1620 1438 1708 quidquam
1460 1663 1478 1698 ‚
1509 1614 1630 1677 nisi
1652 1611 1901 1677 domino
1923 1611 1987 1692 4)
2015 1658 2033 1693 ‚
2078 1620 2186 1674 aut
2234 1608 2486 1674 omnino
2539 1604 2756 1693 acqui-

747 1761 882 1805 rere
904 1735 1237 1824 quidquam
1257 1740 1365 1795 aut
1389 1724 1694 1812 possidere
1716 1772 1733 1805 ,
1757 1724 1880 1788 nisi
1912 1722 2149 1785 volente
2168 1719 2437 1800 domino,
2466 1725 2760 1804 poterant3

749 1854 855 1919 cui
875 1848 1125 1937 quidem
1144 1846 1208 1908 in
1227 1865 1297 1907 ea
1318 1860 1564 1928 quoque
1585 1837 1689 1920 jus
1711 1834 2000 1899 manebat
2022 1880 2040 1914 ‚
2066 1853 2205 1918 quae
2244 1831 2432 1915 ipsius
2460 1850 2761 1894 consensu

750 1959 1177 2050 possidebant,
1211 1951 1524 2044 peculium
1568 1946 1864 2032 adpellata
1888 1948 1978 2023 5).
2002 1943 2250 2008 Peculio
2280 1962 2435 2025 saepe
2461 1940 2539 2004 ad
2559 1939 2761 2003 liber-

749 2087 939 2142 tatem
985 2064 1408 2135 redimendam
1456 2059 1789 2126 utebantur
1810 2105 1829 2139 ‚
1883 2052 2256 2141 quandoque
2308 2052 2572 2138 pretium
2615 2072 2760 2116 cum

753 2186 1002 2252 domino
1046 2181 1210 2269 pacti
1239 2176 1331 2267 6).
1361 2175 1488 2243 Mos
1531 2173 1715 2238 ctiam
1744 2218 1760 2253 ,
1800 2188 2061 2233 munera
2084 2165 2233 2230 hero
2282 2163 2535 2250 herique
2556 2161 2763 2227 liberis

749 2301 897 2366 dare
926 2298 1044 2380 7);
1082 2307 1144 2359 et
1189 2291 1305 2378 ipsi
1344 2313 1383 2355 a
1421 2283 1748 2353 clientibus
1785 2282 1919 2366 ejus
1973 2278 2357 2364 accipiebant
2407 2278 2492 2365 8).
2545 2276 2760 2344 Victus

752 2424 961 2481 autem
1008 2408 1189 2473 servis
1234 2400 1618 2501 inpingulos
1668 2418 1938 2475 menses,
1982 2404 2220 2459 certum
2261 2392 2647 2456 frumentum
2698 2397 2758 2452 et

755 2521 1017 2611 pecunia
1047 2568 1064 2601 ,
1084 2517 1433 2581 dimensum
1455 2560 1474 2595 ,
1510 2521 1898 2574 menstruum
1927 2510 1993 2593 9)
2018 2553 2036 2589 ,
2061 2515 2169 2569 aut
2197 2505 2264 2566 in
2288 2503 2559 2589 singulos
2591 2499 2717 2566 dies
2739 2545 2758 2581 ,

749 2636 1017 2703 diarium
1034 2679 1053 2716 ,
1074 2629 1332 2695 dabatur
1358 2620 1495 2709 10).

820 2793 877 2861 1)
909 2787 1097 2840 v.1.iv.
1118 2783 1184 2836 22
1206 2819 1225 2849 ‚
1262 2781 1358 2846 57,
1377 2779 1442 2831 2⁴
1461 2815 1478 2846 ,
1503 2778 1604 2841 16,
1634 2777 1764 2826 Plin-
1791 2775 1903 2840 Ep.
1927 2774 2027 2839 10,
2065 2773 2150 2824 59.
2172 2801 2234 2812 -
2257 2773 2310 2840 2)
2330 2774 2444 2825 Ter.
2464 2776 2762 2844 Phuni,

753 2885 787 2939 1
810 2919 828 2950 ‚
844 2878 928 2932 59.
948 2904 1012 2916 -
1028 2874 1082 2941 5)
1105 2873 1182 2923 Cf.
1202 2870 1334 2922 min.
1356 2869 1469 2934 Ep.
1489 2867 1521 2916 8
1542 2902 1559 2930 ,
1584 2865 1666 2916 16.
1689 2893 1750 2903 -
1769 2863 1822 2929 4)
1844 2864 1908 2912 V.
1928 2863 2073 2912 Hein.
2102 2863 2311 2928 Anaet'qq.
2350 2863 2501 2916 Rom.
2521 2865 2671 2931 Synt.
2691 2869 2725 2918 2
2742 2903 2760 2932 ,

754 2972 825 3024 14
846 2969 935 3035 ,1.
958 2965 1034 3015 ef.
1052 2962 1157 3029 Gai.
1179 2961 1206 3011 1
1232 2995 1250 3023 ,
1271 2955 1355 3009 52.
1374 2984 1434 2996 —
1457 2955 1511 3022 5)
1530 2954 1736 3005 Panda.
1761 2952 1823 3003 15
1843 2951 1902 3016 ,1
1929 2987 1946 3016 ,
1968 2953 2030 3000 de
2047 2951 2274 3000 paculio.
2298 2951 2373 3000 Cf.
2392 2951 2529 3018 virg.
2552 2955 2713 3005 Eam
2741 2990 2759 3017 ‚

757 3061 827 3112 55
845 3097 863 3126 ,
883 3057 1009 3108 Hor.
1026 3054 1096 3105 A.
1119 3051 1186 3103 P.
1208 3049 1306 3100 550
1324 3084 1343 3114 ,
1363 3045 1566 3131 ζ’ωιᾶἆ.
1585 3042 1651 3092 52
1671 3079 1688 3107 ,
1708 3043 1733 3092 1
1760 3079 1778 3106 ,
1812 3042 1896 3091 79.
1921 3068 1983 3079 -
2006 3037 2058 3106 6)
2082 3040 2158 3089 Cf.
2181 3040 2294 3090 Sen.
2312 3041 2401 3105 Ep.
2425 3041 2507 3091 80.
2527 3071 2587 3082 -
2609 3043 2663 3111 7)
2681 3043 2755 3093 Cf.

758 3151 877 3202 Ter.
892 3146 1099 3198 Phom.
1123 3140 1148 3189 1
1175 3174 1190 3201 ‚
1211 3139 1238 3189 1
1261 3173 1278 3201 ,
1297 3135 1415 3186 7.-
1436 3132 1577 3201 8)cf.
1597 3131 1777 3181 Juven.
1800 3130 1833 3179 5
1856 3167 1873 3194 ,
1897 3128 2008 3180 188.
2030 3126 2156 3193 -9)
2185 3129 2261 3178 Cf.
2283 3129 2459 3180 Donat.
2482 3131 2545 3180 ad
2566 3132 2679 3182 Ter.
2720 3133 2756 3180 l.

757 3254 811 3287 c.
837 3272 854 3299 ‚
876 3230 1120 3294 Sen.Ep.
1143 3226 1305 3279 80.,-
1338 3222 1443 3289 10)
1472 3219 1551 3270 Cf.
1575 3220 1696 3269 Bor.
1718 3219 1830 3284 Ep.
1856 3217 1880 3267 1
1906 3254 1925 3283 ,
1964 3216 2061 3284 14,
2102 3216 2196 3283 40,
2237 3218 2362 3268 lert
2382 3219 2438 3270 11
2460 3255 2478 3285 ‚
2522 3219 2643 3287 109,
2683 3222 2716 3272 5
2738 3255 2756 3284 ‚

763 3324 968 3374 Petron-
992 3315 1080 3369 2⁴.
1821 3348 1824 3350 .

854 3460 960 3524 57.
998 3457 1075 3522 ln
1115 3451 1298 3517 servis
1344 3445 1677 3515 admodum
1705 3446 2163 3530 memorabilis,
2223 3467 2344 3531 qua
2385 3446 2719 3511 liberantur
2741 3495 2758 3529 ‚

761 3567 1194 3650 manumissio,
1235 3565 1281 3629 i.
1316 3586 1374 3629 e.
1418 3585 1454 3627 e
1481 3583 1672 3626 manu
1707 3561 1829 3625 sive
1858 3570 2143 3646 potestate
2176 3559 2380 3623 missio
2425 3556 2488 3645 1)
2522 3582 2537 3623 ε
2576 3562 2750 3626 Hanc

639 3686 645 3698 '
762 3689 961 3772 justa,
991 3692 1063 3747 ut
1081 3688 1251 3743 vocat
1273 3675 1458 3761 Cajus
1475 3722 1495 3757 ,
1517 3684 1579 3738 et
1598 3673 1804 3738 minus
1818 3673 1981 3757 justa
1997 3671 2383 3756 distinguunt
2404 3670 2732 3759 antiquarii
2750 3694 2769 3754 3

769 3797 937 3863 unde
961 3806 1023 3858 et
1045 3793 1289 3856 libertas
1309 3790 1476 3874 justa
1510 3799 1574 3853 et
1598 3788 1805 3852 minus
1823 3786 2006 3870 justa.
2030 3785 2066 3848 J
2071 3792 2215 3847 ustae
2254 3782 2468 3867 triplex
2500 3785 2638 3850 mod
2648 3808 2713 3850 us
2737 3833 2755 3868 ,

771 3929 882 3994 per
900 3903 1231 3968 vindictam
1255 3950 1273 3985 ,
1306 3923 1415 3987 per
1438 3919 1691 3968 censum
1712 3948 1730 3984 ,
1768 3919 1877 3984 per
1907 3905 2333 3962 testamentum
2354 3892 2443 3983 2).

860 4019 977 4082 Per
1009 4011 1336 4092 vindictam
1359 4010 1848 4080 manumissionis
1872 4009 2060 4072 ritum
2093 4008 2454 4075 recentiores
2485 4035 2519 4077 e
2544 4013 2754 4099 sparsis
