3111 4829
1253 450 1278 534 (
1322 452 1436 514 163
1475 454 1503 530 )

384 583 793 651 sanctissimus
833 581 1019 664 ordo,
1046 591 1323 648 sanctum
1349 582 1675 647 eonsilium
1695 629 1714 663 ‚
1751 593 1867 647 ete.
1910 579 1999 669 3).
2027 582 2160 647 Sub
2185 583 2396 659 Caesae

384 694 554 760 ribus
577 743 595 779 ,
638 706 925 760 manente
964 717 1090 759 non
1139 716 1336 781 parvae
1377 694 1749 761 auctoritatis
1801 695 2038 781 speeie,
2079 718 2144 760 re
2179 718 2320 761 vera
2361 720 2399 761 a

383 807 743 895 Principum
760 808 1011 875 arbitrio
1030 808 1334 895 pendebat
1358 820 1602 875 senatus
1631 806 1720 897 4).
1744 810 2057 875 Potestatis
2079 808 2397 896 splendore

385 922 635 1007 spoliato
658 943 808 989 vana
833 935 1189 989 ornamenta
1216 924 1426 989 relicta
1443 972 1463 1008 ‚
1487 924 1657 989 novis
1679 924 1862 990 etiam
1887 933 2064 989 aucta
2080 922 2106 1012 (
2116 920 2176 1004 ὃ.
2205 920 2398 1010 229.)

389 1034 733 1121 Collegium
754 1085 773 1121 ,
818 1038 1030 1103 multis
1087 1039 1527 1104 mutationibus
1551 1087 1571 1122 ,
1627 1036 1706 1104 ad
1756 1036 2084 1103 ,Iustiniani
2127 1046 2403 1122 tempora

387 1144 626 1214 duravit
645 1182 677 1234 ,⁷
692 1149 893 1217 Roma
913 1150 1251 1218 identidem
1271 1164 1443 1239 capta
1463 1201 1480 1235 ‚
1516 1152 1680 1217 ferro
1696 1201 1714 1235 ,
1737 1162 1903 1238 peste
1917 1198 1936 1234 ,
1961 1150 2124 1215 fame
2148 1159 2366 1214 vastata
2386 1195 2404 1231 ,

388 1283 535 1329 cum
571 1266 839 1350 patriciis
867 1267 1151 1354 gentibus
1190 1269 1376 1334 simul
1414 1269 1760 1354 exspirans:
1796 1287 1984 1353 quem
2024 1266 2240 1330 Romae
2267 1262 2405 1326 vitae

390 1376 578 1441 finem
623 1378 769 1443 facit
807 1381 1084 1446 Niebuhr
1130 1380 1236 1469 5),
1280 1382 1537 1467 peractis
1580 1381 1809 1445 scilicet
1835 1379 1956 1443 XII
1979 1377 2216 1441 saeculis
2237 1423 2256 1458 ,
2284 1375 2407 1439 sive

387 1489 564 1553 annis
589 1491 923 1557 MCCCXX
944 1540 961 1575 ‚
991 1514 1142 1577 qnos
1173 1494 1311 1555 urbi
1347 1507 1512 1555 vetus
1540 1492 1876 1579 augurium
1902 1488 2201 1551 tribuerat
2230 1486 2320 1573 6).

457 1671 509 1732 1)
539 1671 608 1733 6,
648 1671 733 1723 13.
768 1672 833 1722 V.
868 1674 1084 1724 Holitor.
1107 1674 1477 1740 Responsum
1494 1671 2187 1742 quantiam-commanem·
2200 1672 2412 1721 hebion-ca

388 1768 598 1810 unam
616 1765 851 1826 romani,
874 1778 988 1828 pag.
1016 1763 1128 1815 102.
1160 1779 1274 1830 sqq.
1310 1765 1365 1814 in
1407 1765 1621 1815 Annali.
1655 1763 1798 1815 acad.
1831 1762 2052 1813 Gandsv.
2087 1775 2136 1810 a.
2172 1759 2320 1809 1823.
2345 1774 2406 1800 --*

387 1851 444 1914 2)
466 1850 543 1901 Cf.
564 1851 670 1901 Cic.
685 1854 745 1902 s‘n
771 1851 895 1902 Vae.
932 1852 996 1903 15
1013 1889 1031 1918 ,
1064 1856 1328 1919 eripueras
1366 1856 1574 1905 unam
1593 1845 1877 1920 'pv-ovim
1900 1849 2225 1902 decoranda
2241 1856 2408 1915 potos-

390 1948 579 2006 eatm,
609 1944 931 2006 imperatoris
967 1944 1226 2008 deliqends‘
1247 1946 1546 2011 judicium,
1588 1947 1765 1995 oemrt's‘
1793 1944 2218 2008 amaon-em
2241 1955 2265 1988 .·
2295 1934 2410 2004 qua

397 2046 666 2095 nunquam
700 2032 801 2081 eibi
820 2033 1054 2096 populus
1072 2049 1319 2083 romanus
1353 2036 1629 2100 adpetivit,
1649 2040 1750 2084 ete.
1770 2060 1832 2072 -—
1850 2033 1914 2099 ὃ)
1938 2032 2014 2080 Cf.
2034 2031 2211 2095 Cimp.
2236 2028 2410 2097 Dojoss.

394 2118 533 2186 δή).
554 2120 721 2171 Domo
742 2121 807 2170 28
825 2158 841 2186 ,
862 2121 1031 2171 Horat.
1058 2123 1157 2172 Od.
1184 2120 1217 2171 4
1236 2158 1252 2186 ‚
1286 2122 1319 2171 δ
1336 2159 1353 2187 ,
1391 2123 1443 2171 3.
1465 2151 1524 2161 -
1547 2124 1600 2192 4)
1624 2123 1701 2174 cf.
1720 2123 1853 2173 Ptin.
1871 2119 2034 2188 Ep.8
2051 2157 2070 2187 ,
2090 2117 2173 2170 1⁴.
2192 2145 2251 2157 -—-
2270 2116 2323 2183 5)
2343 2114 2408 2166 V.

395 2208 445 2261 1.
468 2225 522 2277 p.
545 2209 660 2277 154.
677 2237 742 2250 -
758 2210 814 2277 6)
835 2210 912 2261 Cf.
935 2211 1137 2261 Censor.
1160 2211 1223 2261 do
1244 2210 1321 2262 D.
1344 2210 1419 2262 N.
1436 2226 1487 2261 c.
1507 2210 1591 2262 17.

485 2398 635 2462 179.
683 2397 978 2463 Senatum
1000 2447 1018 2483 ,
1062 2421 1173 2486 per
1200 2396 1472 2476 edictum
1510 2408 1619 2464 aut
1650 2417 1998 2486 praeoonem
2039 2393 2140 2485 1),
2180 2414 2408 2461 convo-

322 2525 333 2540 ³
390 2509 613 2576 cabant
642 2509 1061 2601 (cogebant),
1089 2511 1404 2599 iidemque
1429 2523 1732 2599 praeerant
1755 2507 2143 2603 (habebant)
2171 2510 2411 2596 Reges,

392 2636 454 2692 et
481 2625 549 2689 in
576 2624 767 2691 libera
794 2627 1034 2691 civitate
1074 2626 1365 2691 Consules
1389 2674 1407 2710 ,
1437 2626 1665 2714 quibus
1706 2624 2092 2707 absentibus,
2130 2633 2239 2688 aut
2277 2622 2416 2686 im-

392 2737 645 2825 peditis,
682 2737 760 2803 ad
796 2738 945 2804 alios
979 2738 1365 2825 magistratus
1385 2738 1647 2824 majores
1673 2735 1774 2827 2),
1799 2739 2091 2805 Praetores
2112 2736 2375 2803 maxime
2394 2782 2416 2819 ,

395 2851 861 2933 recurrebatur3
902 2864 1068 2917 extra
1104 2852 1385 2917 ordinem
1414 2851 1818 2938 praesidebant
1844 2852 2105 2936 majores
2133 2861 2413 2944 extraor-

395 2963 659 3048 dinarii,
708 2965 975 3030 Dictator
996 3012 1015 3049 ,
1060 2966 1331 3030 Interrex
1357 3014 1375 3048 ,
1418 2976 1479 3030 et
1498 3013 1518 3049 ,
1559 2964 1636 3030 de
1661 2986 1785 3052 quo
1805 2963 1938 3049 jam
1963 2974 2190 3030 veteres
2214 2961 2413 3026 dubi-

396 3089 598 3144 tavere
638 3075 760 3170 3),
789 3079 1117 3144 Praefectus
1144 3079 1295 3144 Urbi
1326 3079 1351 3169 (
1365 3081 1424 3164 §.
1470 3076 1663 3165 204.)
1679 3102 1699 3162 ;
1729 3100 1846 3144 nec
1869 3099 2111 3164 prorsus
2138 3075 2414 3140 exclusus

397 3194 678 3278 Magister
714 3193 1011 3281 Equitum
1052 3188 1149 3280 4).
1194 3193 1246 3256 Ε
1288 3191 1629 3256 minoribus
1668 3191 1779 3255 soli
1818 3199 2117 3276 praeerant
2150 3187 2413 3252 Tribuni

397 3303 637 3389 Plebis,
681 3306 851 3393 iique
893 3307 987 3370 vel
1017 3306 1222 3369 invitis
1268 3304 1635 3371 Consulibus
1676 3300 1795 3391 5),
1844 3302 1987 3386 sed,
2030 3301 2138 3367 diu
2166 3301 2414 3366 nonnisi

398 3417 742 3503 referendi,
766 3420 883 3486 alio
909 3419 1303 3507 praesidente,
1330 3419 1434 3504 jus
1454 3417 1740 3483 habuisse
1757 3466 1775 3502 ,
1804 3405 2141 3484 crederem‘.

490 3531 742 3597 Senatui
780 3531 1061 3599 habendo
1104 3534 1317 3599 dieatae
1355 3533 1542 3599 curiae
1579 3532 1671 3622 (§.
1707 3530 1851 3619 49.)
1873 3579 1893 3616 ,
1922 3553 2186 3620 quarum
2214 3530 2418 3595 notis-

402 3645 555 3710 sima
576 3694 595 3730 ,
617 3647 870 3712 Hostilia
890 3695 908 3731 ,
932 3645 1285 3733 simpliciter
1310 3647 1495 3714 Curia
1516 3656 1796 3730 vocatur3
1818 3645 1922 3710 sed
1943 3646 2055 3710 rite
2078 3643 2418 3710 habebatur

403 3780 776 3848 quocunque
818 3762 951 3826 loco
986 3760 1066 3825 ab
1108 3759 1467 3851 Auguribus
1492 3768 1841 3827 consecrato
1864 3807 1884 3843 ‚
1911 3768 1973 3823 et
1998 3779 2137 3822 vero
2160 3758 2226 3823 in
2248 3768 2424 3821 tem-

401 3873 518 3960 plis
538 3922 557 3959 ,
605 3887 666 3940 et
706 3876 1086 3962 frequentius
1134 3875 1201 3940 in
1244 3876 1373 3942 aede
1426 3872 1778 3941 Concordiae
1822 3870 2068 3940 habitus
2119 3869 2237 3959 6),
2281 3891 2420 3956 quae

404 3989 591 4055 etiam
621 3990 690 4054 in
722 3991 915 4056 tribus
939 3992 1237 4057 senaculis
1265 4014 1413 4057 cum
1441 3988 1570 4056 aede
1597 3987 1864 4052 Bellonae
1889 3995 2259 4050 memoratur
2282 4031 2300 4067 ,
2348 3986 2419 4047 in

404 4124 529 4191 qua
567 4114 908 4173 exterarum
942 4107 1222 4194 gentium
1259 4103 1473 4193 legatis
1493 4150 1512 4189 ,
1564 4104 1835 4191 itemque
1874 4099 2134 4166 ducibus
2155 4149 2173 4185 ,
2207 4097 2318 4186 qui
2340 4093 2422 4162 ad
