3111 4829
1511 361 1538 444 (
1578 360 1699 423 224
1737 359 1763 443 )

638 490 841 556 Sicilia
862 537 881 571 ,
926 511 1074 554 mox
1122 499 1184 554 et
1225 489 1531 576 Hispanias
1579 489 1699 579 1),
1753 487 1927 556 initio
1969 489 2260 558 Praetores
2312 493 2642 579 quotannis

638 606 837 671 Creati
865 614 1037 687 sunt,
1071 603 1296 691 singuli
1326 605 1595 691 singulas
1622 603 2113 669 administrantes
2133 653 2151 688 ‚
2180 617 2499 694 prorogato
2528 609 2641 672 uni

635 719 878 783 alterive
908 718 1198 803 imperio,
1230 740 1426 804 quum
1453 717 1740 782 omnibus
1769 739 1900 782 non
1929 718 2278 784 sufficerent
2309 718 2408 809 (§.
2444 720 2637 809 190.)

634 832 907 917 Deinde,
950 854 1004 896 c.
1051 855 1106 896 a.
1138 833 1213 896 U.
1245 833 1313 897 C.
1350 832 1500 897 605.
1527 880 1544 915 ,
1576 834 1914 897 constitutis
1950 834 2387 920 quaestionibus
2418 858 2642 921 perpe-

631 949 795 1032 tuis3
841 946 1106 1033 placuit,
1154 956 1223 1010 ut
1268 945 1365 1009 his
1414 947 1681 1032 praefecti
1726 947 2050 1030 Primores,
2101 948 2375 1013 absoluto
2423 951 2640 1015 Romae

633 1083 891 1126 munere
916 1108 933 1141 ‚
978 1061 1045 1123 in
1076 1059 1410 1146 provincias
1453 1061 1843 1125 mitterentur
1873 1056 1975 1149 2),
2024 1059 2134 1124 ubi
2172 1061 2413 1127 eosdem
2458 1063 2642 1128 modo

630 1176 948 1258 Proetores,
978 1173 1158 1239 modo
1186 1175 1586 1259 Propraetores
1617 1173 1943 1260 adpellatos
1971 1173 2249 1240 videmus
2279 1174 2369 1265 3).
2401 1177 2492 1241 De
2511 1200 2640 1265 pro

621 1299 902 1376 proetore
947 1297 1008 1350 et
1047 1298 1447 1374 propo-wear,
1489 1309 1570 1350 an
1616 1286 1934 1370 differant,
1975 1298 2111 1372 post
2148 1288 2374 1353 multos
2418 1289 2639 1375 quaerit

634 1398 892 1463 Creuzer
916 1401 974 1485 §.
1010 1400 1155 1464 176.
1184 1400 1309 1464 Nec
1335 1400 1530 1464 multo
1561 1409 1690 1485 post
1718 1398 1820 1489 (a.
1849 1395 2043 1487 631.)
2066 1447 2084 1484 ,
2116 1401 2254 1488 lege
2280 1401 2637 1487 Sempronia

628 1511 706 1577 de
735 1512 1083 1578 ordinandis
1113 1513 1433 1599 provinciis
1453 1562 1471 1598 ,
1498 1523 1639 1579 ante
1673 1514 2014 1580 Consulum
2046 1525 2107 1578 et
2141 1515 2478 1579 Praetorum
2513 1536 2636 1580 eo-

627 1627 800 1693 mitia
833 1627 1102 1715 utrisque
1131 1626 1457 1713 provinciae
1480 1625 1809 1714 designatae
1831 1674 1850 1710 ,
1877 1649 2027 1713 quas
2056 1637 2212 1692 sorte
2241 1637 2349 1692 aut
2374 1649 2641 1714 compa-

626 1742 860 1806 ratione
888 1741 1048 1805 inter
1077 1762 1138 1804 se
1168 1738 1383 1804 divisas
1409 1739 1798 1822 obtinerent,
1831 1740 2125 1807 Consules
2154 1763 2263 1827 per
2291 1742 2642 1806 consulatus

627 1855 723 1919 sui
751 1876 986 1918 annum
1008 1901 1026 1936 ,
1055 1854 1343 1917 Praetores
1369 1901 1386 1937 ‚
1421 1863 1486 1917 ut
1521 1863 1697 1919 antea
1720 1902 1738 1939 ,
1766 1856 1982 1920 Romae
2016 1878 2278 1922 munere
2307 1857 2505 1922 functi
2547 1855 2636 1946 4).

625 1970 908 2034 Extremo
969 1967 1222 2033 demum
1280 1968 1632 2055 reipublicae
1691 1980 1964 2056 tempore
2015 1970 2347 2056 Consules,
2417 1970 2640 2056 pariter

625 2085 841 2166 Romae.
887 2094 1239 2168 manentes,
1280 2082 1552 2148 absoluto
1589 2105 1792 2167 anno,
1832 2084 1900 2147 in
1942 2084 2328 2170 provincias,
2367 2084 2643 2149 Procon-

626 2200 830 2263 sulum
859 2199 1108 2263 nomine
1136 2198 1340 2283 missi;
1370 2198 1605 2263 tametsi
1635 2219 1751 2263 nec
1783 2198 1848 2263 in
1879 2198 2165 2262 omnibus
2196 2198 2282 2263 ita
2309 2196 2597 2263 accidisse
2622 2247 2641 2282 ,

624 2314 719 2378 vel
749 2314 1054 2379 Ciceronis
1083 2314 1539 2400 proconsulatus
1566 2313 1706 2378 satis
1733 2313 1974 2400 arguit,
2005 2335 2123 2377 nec
2147 2335 2290 2378 vero
2327 2314 2503 2400 lege,
2535 2313 2640 2378 sed

626 2426 709 2491 ita
755 2438 891 2492 tum
933 2426 1223 2493 suadente
1259 2446 1468 2491 rernm
1508 2438 1669 2492 statu
1714 2426 2043 2512 accidisse,
2093 2438 2401 2514 putamus.
2440 2429 2646 2516 Atque

626 2540 878 2604 omnino
920 2538 1036 2604 hoc
1079 2538 1415 2605 tenendum
1440 2589 1457 2623 ,
1500 2562 1627 2604 non
1668 2541 1862 2605 levem
1911 2562 2072 2625 esse,
2106 2552 2167 2606 et
2194 2542 2261 2606 in
2304 2542 2646 2609 Rectorum

625 2634 1017 2735 nominibus,
1060 2663 1119 2718 et
1167 2654 1233 2717 in
1268 2651 1633 2719 mandandis
1680 2654 1802 2719 sive
1841 2654 1979 2741 lege
2024 2654 2149 2719 sive
2197 2655 2642 2721 consuetudine

622 2766 947 2851 provinciis
971 2763 1074 2855 5),
1103 2777 1373 2832 veterum
1402 2768 1765 2854 scriptorum
1797 2766 2303 2855 discrepantiam5
2331 2781 2399 2836 ut
2422 2770 2601 2835 citius
2619 2818 2639 2854 ‚

625 2879 774 2969 quid
826 2881 1040 2966 saepius
1067 2930 1084 2965 ,
1126 2904 1352 2968 quam,
1395 2880 1548 2969 quid
1594 2881 1731 2967 lege
1779 2880 2012 2945 factum
2057 2892 2165 2946 aut
2213 2882 2349 2947 fieri
2392 2904 2637 2948 necesse

626 2996 833 3080 fuerit,
858 2995 1163 3083 intelligas
1190 2995 1279 3082 6).
1302 2998 1355 3060 A
1378 2994 1736 3060 nominibus
1763 2996 2254 3082 magistratuum,
2283 2994 2508 3083 quibus
2529 2997 2644 3062 de-

626 3108 1036 3175 cernebantur
1056 3159 1073 3193 ,
1104 3109 1428 3196 provincias
1468 3106 1762 3172 dicuntur
1802 3109 2149 3172 consulares
2171 3156 2189 3191 ,
2225 3118 2287 3173 et
2314 3109 2645 3195 praetoriae,

627 3224 798 3289 nullo
862 3224 1166 3309 potestatis
1216 3223 1571 3288 discrimine
1596 3270 1613 3304 ,
1668 3220 1771 3286 sed
1842 3221 2207 3287 Consulibus
2228 3270 2245 3305 ,
2306 3244 2414 3308 par
2471 3234 2638 3307 erat,

627 3335 890 3400 maxime
955 3333 1273 3418 mandari,
1338 3355 1604 3423 quarum
1654 3332 1853 3417 major
1907 3333 2446 3399 administrationis
2484 3356 2632 3400 cum

626 3447 773 3516 alias
793 3498 811 3533 ,
863 3461 996 3514 tum
1030 3448 1334 3535 imprimis
1361 3470 1432 3512 ex
1461 3447 1647 3512 armis
1679 3447 1871 3534 gloria
1896 3444 1986 3534 7).

695 3588 744 3652 1)
771 3587 834 3638 v,
857 3587 965 3637 mv.
994 3586 1209 3652 auso,
1234 3586 1333 3651 28,
1363 3585 1452 3650 12,
1478 3584 1697 3650 ³4,55,
1721 3584 1848 3634 ven.
1871 3584 2044 3649 mss.
2069 3583 2201 3650 -2)
2227 3584 2302 3632 cr.
2327 3582 2644 3635 sacuam.

627 3677 748 3727 lar.
772 3676 842 3727 R.
862 3678 894 3727 2
913 3714 930 3740 ‚
957 3677 1015 3741 1,
1041 3675 1171 3725 4.-
1196 3677 1250 3743 3)
1274 3676 1476 3725 cneio.
1500 3677 1562 3725 de
1583 3676 1770 3726 Dicin.
1794 3675 1860 3738 2,
1885 3675 1983 3739 56,
2006 3676 2067 3724 de
2087 3675 2238 3725 Prov-
2265 3671 2646 3738 Cone.7,·'rae.

627 3770 771 3817 Anu.
796 3768 856 3829 2,
880 3767 962 3817 66.
984 3795 1045 3805 —
1063 3766 1115 3832 4)
1141 3766 1215 3815 Cf.
1241 3766 1345 3815 Cic.
1367 3784 1426 3832 p.
1449 3766 1636 3816 Domo.
1659 3765 1710 3814 9.
1731 3794 1791 3803 -
1816 3764 1870 3823 5)
1894 3763 1969 3813 Cf.
1994 3764 2098 3813 Cic.
2121 3765 2183 3812 de
2202 3763 2263 3811 L.
2294 3764 2361 3811 A.
2395 3763 2446 3810 in
2469 3770 2646 3813 senatu

629 3848 682 3918 S.
704 3850 758 3916 8,
780 3854 840 3901 ds
862 3854 1014 3903 Prov.
1040 3852 1249 3904 Consul.
1270 3854 1320 3919 2,
1344 3854 1465 3902 Caes.
1498 3854 1560 3901 de
1596 3852 1660 3902 B.
1688 3851 1744 3902 C.
1772 3849 1795 3898 1
1815 3886 1830 3913 ‚
1850 3850 1912 3912 6,
1930 3852 2209 3914 provincio
2232 3851 2454 3912 privatis
2474 3851 2646 3898 decer-

628 3949 849 4004 nuntur,
868 3944 984 3991 duo
1004 3945 1292 3993 cumulans
1306 3980 1322 4005 ‚
1358 3944 1566 4007 reliquo,
1595 3942 1865 4006 proetorioe.
1887 3967 1948 3976 —
1968 3939 2028 3998 6)
2046 3938 2108 3988 V.
2130 3937 2402 4004 Wieland.‚
2424 3938 2646 3989 Ca'cero's

631 4033 801 4095 Briese
823 4069 838 4095 ‚
863 4059 924 4073 ·-
941 4050 989 4082 v.
1016 4033 1063 4082 1.
1088 4049 1200 4098 pag.
1224 4032 1339 4081 255.
1367 4032 1459 4096 (ad
1498 4032 1641 4096 epist.
1667 4032 1736 4081 ad
1754 4031 1856 4078 die.
1881 4028 1913 4077 5
1932 4064 1949 4092 ‚
1973 4027 2067 4094 5.)
2092 4033 2143 4077 et
2162 4029 2263 4079 vol.
2290 4028 2339 4077 3.
2365 4028 2502 4094 1:34.
2527 4044 2643 4092 sqq.

630 4149 693 4159 —
714 4121 768 4189 7)
793 4122 868 4173 Cf.
893 4122 1063 4173 senus.
1084 4123 1184 4172 vol.
1209 4122 1241 4171 2
1261 4158 1276 4186 ,
1297 4136 1407 4185 pag.
1431 4119 1547 4169 339.
