3111 4829
1475 424 1502 505 (
1541 422 1661 488 414
1700 422 1726 509 )

587 549 815 623 Tiberii
858 559 1081 624 Donati
1132 559 1196 624 in
1236 558 1572 646 Virgilium
1602 608 1619 642 ,
1656 558 1944 623 Macrobii
1978 557 2044 622 in
2081 554 2392 623 Ciceronis
2426 550 2615 619 Som-

587 674 775 735 nium
795 669 1123 760 Scipionis
1141 673 1567 738 commentarii
1589 672 1893 738 scholiave
1912 679 2256 759 supersunt.
2277 669 2353 733 ln
2374 666 2612 733 caeteris

591 784 1020 851 Grammaticis
1046 810 1116 850 ex
1136 811 1321 853 aurea
1343 798 1516 853 aetate
1536 799 1764 853 servata
1783 812 1916 875 pars
1934 788 2227 857 Varronis
2247 786 2325 852 de
2345 784 2611 876 linqua

591 897 842 964 Latina
896 901 1216 968 librorum.
1271 903 1459 967 Paulo
1513 903 1869 989 posteriores
1925 904 2203 971 Varrone
2262 900 2618 967 Rhemnius

592 1007 863 1078 Fannius
918 1015 1259 1099 Palaemon,
1321 1016 1502 1101 cujus
1560 1017 1675 1082 sub
1727 1018 1978 1083 nomine
2041 1014 2186 1082 Ars
2242 1012 2620 1080 Gramma-

598 1129 782 1204 tica,
833 1139 948 1193 etc.
975 1178 994 1214 ,
1039 1130 1321 1198 Valerius
1370 1130 1637 1217 probus,
1687 1131 1868 1216 cujus
1923 1131 2211 1197 feruntur
2266 1129 2620 1216 superstites

592 1245 1193 1332 qrammaticarum
1231 1248 1721 1330 institutionum
1751 1247 1894 1310 lib'ri
1930 1231 2026 1330 11,
2072 1255 2133 1311 et
2157 1245 2414 1314 Verrius
2440 1244 2620 1310 Flac-

595 1378 706 1420 cus
731 1405 749 1440 ,
789 1357 969 1442 cujus
1009 1357 1088 1422 de
1140 1357 1510 1425 Verborum
1537 1357 2034 1451 Siynificatione
2083 1358 2288 1446 operis
2319 1369 2618 1444 compen-

597 1469 773 1535 dium
822 1483 1006 1537 exstat
1035 1495 1072 1537 a
1100 1474 1394 1561 Pompejo
1439 1476 1612 1540 Festo
1666 1475 1886 1540 saeculo'
1922 1484 2138 1562 quarto
2186 1471 2618 1558 compositum.

596 1585 683 1648 Ex
705 1605 861 1651 aerea
884 1587 1109 1673 pariter
1128 1599 1306 1654 oetate
1327 1589 1508 1654 Nonii
1535 1579 1803 1656 Marcelli
1833 1587 2160 1653 Dos-&rina
2189 1585 2269 1651 de
2297 1583 2624 1672 Proprie-

600 1707 732 1760 tate
789 1695 1174 1765 Sermonum
1202 1749 1229 1778 ,
1301 1701 1614 1768 Diomedis
1680 1701 1760 1767 de
1839 1701 2154 1767 Oratione
2184 1745 2209 1776 ,
2280 1698 2626 1764 Orationis

598 1809 926 1877 Partibus
966 1827 1029 1879 et
1068 1814 1145 1884 V
1140 1819 1287 1880 ario
1313 1814 1702 1881 Poematum
1752 1813 2000 1880 Genere‘
2038 1801 2625 1894 commentationem

601 1923 859 1990 Charisii
903 1925 1361 1994 Institutione
1412 1927 1890 1996 Grammatico!
1909 1960 1933 2007 ,⁴
1966 1936 2028 1994 et
2072 1928 2368 1993 Prisciani
2421 1925 2627 1989 Coni-

598 2043 920 2106 memarii
977 2039 1426 2109 Grammacici
1439 2091 1466 2121 ,
1528 2046 1829 2131 prolixum
1889 2042 1968 2108 dc
2025 2043 2259 2129 linguae
2309 2040 2630 2105 elementis

601 2175 776 2239 opus.

689 2269 1070 2357 Antiquariis
1091 2272 1477 2358 potissimum
1496 2271 1883 2339 adscribendi
1907 2271 2105 2336 Aulus
2127 2257 2398 2352 Gellius,
2424 2266 2632 2332 soeculi

602 2383 895 2469 secundi,
920 2385 1100 2472 cujus
1126 2384 1363 2453 Noctes
1384 2385 1633 2453 Aeeieae
1659 2433 1682 2465 ‚
1712 2387 2079 2454 Censorinus
2103 2434 2121 2471 ,
2167 2384 2376 2451 sae'c‘uli
2423 2382 2586 2448 tertii
2615 2432 2631 2468 ‚

603 2499 784 2584 cujus
836 2500 914 2566 de
956 2502 1085 2567 Die
1125 2499 1413 2581 Natali,
1446 2505 1830 2589 Macrobius,
1873 2504 2081 2569 saecu‘li
2113 2500 2318 2590 quinti
2343 2550 2361 2585 ,
2413 2501 2594 2586 cujus
2620 2522 2638 2558 2

602 2627 822 2701 praeter
843 2619 1356 2684 commentarium
1403 2621 1471 2684 in
1513 2618 1854 2685 Smnnium
1894 2616 2268 2708 Scipionis,
2295 2614 2638 2682 Satur-‘na-

606 2731 847 2794 liorum
866 2732 1007 2796 libri
1033 2745 1380 2820 supersunt,
1411 2738 1592 2801 variae
1615 2735 2003 2817 eruditionis,
2030 2738 2090 2798 ct
2114 2728 2430 2797 utilissima
2459 2729 2622 2793 anti-

604 2845 852 2932 quitatis
876 2845 1154 2911 studiosis
1195 2870 1397 2935 opera.
1434 2850 1544 2914 nis
1578 2849 1906 2935 adjicimus
1935 2848 2232 2914 Marciani
2260 2832 2518 2933 Capellae
2552 2842 2631 2907 de

602 2956 859 3048 Septem
880 2958 1167 3026 Artibus
1190 2963 1619 3029 Liberalibus
1649 2984 1824 3051 opus,

698 3101 848 3163 416.
897 3097 1265 3187 Indigenam
1293 3110 1355 3165 et
1376 3101 1865 3190 antiquissimam
1888 3102 2183 3168 Italorum
2207 3150 2226 3185 ,
2265 3102 2451 3189 alque
2486 3097 2637 3168 adeo

604 3213 1029 3278 Romanorum
1055 3265 1072 3298 ,
1104 3222 1174 3280 ut
1194 3222 1480 3280 vocamus
1507 3264 1525 3299 ,
1568 3214 2010 3304 mythologiam
2032 3217 2143 3305 qui
2164 3214 2402 3304 scriptis
2441 3224 2640 3300 expo-

607 3327 831 3410 suerit,
881 3327 975 3392 vix
1018 3328 1345 3416 quisquam
1375 3340 1795 3415 memoretur,
1837 3331 2054 3417 utiquc
2083 3351 2268 3394 nemo
2297 3337 2641 3415 superstes,

608 3452 669 3503 et
694 3462 934 3505 necesse
956 3442 1093 3526 fuit,
1118 3444 1369 3508 confusa
1398 3442 1637 3531 pridem
1655 3443 2014 3509 Graecorum
2041 3466 2186 3509 cum
2211 3442 2641 3508 Romanorum

609 3556 909 3642 religione
950 3555 1045 3647 (§.
1084 3554 1314 3645 280.),
1343 3556 1568 3623 horum
1610 3556 1909 3646 mythicos
1938 3559 2145 3623 omnia
2177 3558 2307 3622 sere
2343 3579 2378 3622 e
2412 3552 2644 3618 Groecis

607 3670 885 3736 fontibus
909 3669 1198 3757 haurire,
1228 3682 1393 3737 certe
1436 3696 1471 3738 a
1511 3671 1742 3755 Graecis
1766 3686 1987 3760 parum
2010 3671 2376 3757 discrepare.
2410 3662 2531 3735 Sed
2573 3689 2646 3732 ex

608 3779 707 3845 his
728 3806 975 3872 quoque
1005 3774 1398 3872 scriptoribus
1420 3787 1774 3852 vetustiores
1800 3772 2057 3875 periere.
2092 3786 2264 3851 Inter
2292 3792 2650 3872 superantes

611 3906 788 3960 aetate
811 3898 1047 3982 primus
1068 3898 1269 3963 Julius
1295 3894 1613 3987 HyginuS,
1644 3899 1759 3965 sub
1789 3898 2071 3988 Augusto
2096 3899 2321 3963 florens
2345 3920 2654 3985 gramma-

612 4011 773 4075 ticus
795 4061 811 4094 ,
834 4010 1263 4078 dubitantibus
1282 4024 1467 4079 tatem
1490 4015 1718 4079 criticis
1743 4064 1758 4098 ,
1793 4037 1872 4078 an
1902 4012 2167 4098 junioris
2198 4012 2398 4097 potius
2420 3998 2654 4097 Hygini

616 4124 782 4190 illius
806 4147 1031 4194 nomen
1052 4128 1316 4193 ferentes
1335 4128 1402 4194 F
1398 4128 1756 4195 obulorum
1773 4128 1914 4192 libri
1926 4137 1985 4193 et
2005 4126 2312 4193 Poeticon
2327 4122 2658 4191 Aret-ono-
