3111 4829
619 459 687 503 IV
1460 461 1531 504 ΡΒ
1541 460 1798 503 mmmm.

625 586 695 639 ut
723 575 914 661 ipsam
950 598 1083 640 rem
1109 574 1385 641 dicamus
1406 623 1423 657 ‚
1453 572 1941 639 academicorum
1975 596 2090 661 ope
2113 597 2353 661 prorsus
2374 571 2632 639 destitu-

625 700 745 773 ωε,
766 711 968 775 neque
994 686 1473 776 ullosquaerendi
1498 686 1797 751 studiosus
1809 682 1911 777 (ἢ,
1927 687 2113 774 quod,
2128 688 2311 751 simili
2328 688 2388 751 in
2411 687 2631 769 officio,

627 802 965 868 academici
1017 802 1288 868 doctores
1338 803 1537 867 facere
1583 802 1812 885 solent,
1869 800 2064 883 mihi,
2110 802 2297 865 latino
2356 823 2633 865 sermone

624 938 812 980 usuro
834 965 851 999 ‚
875 917 1070 1002 magis
1095 913 1444 980 faciendum
1476 915 1819 980 existimans
1840 962 1857 996 ‚
1883 915 2173 978 lectiones
2197 913 2274 978 de
2302 914 2638 1000 antiquita-

626 1030 791 1095 tibus
822 1028 1127 1093 habendas
1156 1030 1460 1116 integras,
1491 1051 1607 1094 nec
1636 1029 1766 1092 sine
1796 1050 2019 1114 magno
2050 1027 2254 1092 labore
2283 1028 2632 1112 conscripsi.

625 1145 786 1210 Dein
809 1141 1081 1211 docendo
1103 1164 1239 1211 mox
1264 1142 1565 1225 intellexi,
1592 1143 1708 1208 nisi
1734 1164 1979 1211 omnem
2004 1163 2248 1228 operam
2274 1141 2470 1231 perire
2492 1162 2638 1204 ma-

618 1257 742 1341 jori
771 1254 1124 1322 auditorum
1152 1278 1409 1325 numero
1440 1257 1686 1328 mallem
1707 1305 1726 1340 ,
1755 1255 2117 1343 compendio
2148 1278 2249 1322 me
2273 1277 2482 1321 carere
2512 1276 2640 1318 non

625 1415 811 1480 scribo,
826 1416 1190 1480 reprehendant
1211 1433 1222 1465 :
1246 1432 1458 1485 quorum
1484 1416 1846 1481 persuasionem
1866 1452 1883 1480 ‚
1907 1416 2039 1479 quod
2061 1415 2122 1463 ad
2142 1415 2329 1464 librum
2350 1428 2514 1462 meum
2539 1449 2553 1476 ,
2577 1427 2640 1460 ne

628 1512 809 1554 caetera
830 1506 914 1554 hic
950 1506 1187 1571 attingam
1207 1542 1223 1569 ,
1248 1505 1370 1554 adeo
1386 1521 1487 1553 non
1504 1504 1775 1568 amplector
1790 1541 1806 1567 ,
1832 1509 1889 1553 ut
1905 1539 1922 1568 7
1946 1503 1985 1551 si
2020 1502 2293 1552 recentiore
2313 1503 2453 1550 illum
2476 1502 2642 1565 lingua

628 1598 773 1648 initio
809 1597 1107 1661 scripsissem
1126 1633 1143 1663 ‚
1179 1596 1324 1647 citius
1344 1612 1480 1645 nunc
1507 1611 1732 1643 moverer
1754 1631 1770 1657 ‚
1807 1599 1863 1642 ut
1884 1594 1935 1641 in
1956 1592 2158 1641 latinam
2178 1630 2194 1657 ,
2219 1608 2368 1657 quam
2406 1597 2462 1640 ut
2494 1590 2644 1639 latine

627 1688 871 1753 scriptum
905 1686 958 1734 in
987 1685 1214 1749 gallicam
1235 1721 1252 1748 ,
1275 1683 1412 1755 quod
1445 1683 1585 1732 suere
1609 1683 1698 1747 qui
1736 1682 1857 1731 mihi
1897 1681 2161 1731 suaderent
2177 1719 2194 1745 ‚
2212 1681 2545 1731 transferrem.
2567 1679 2645 1728 Sic

628 1776 764 1831 enim
782 1792 897 1826 vere
918 1782 1092 1841 reputo
1114 1814 1130 1841 ‚
1149 1778 1329 1841 linguae
1363 1777 1526 1827 latina:
1567 1776 1844 1827 amantibus
1864 1813 1880 1839 ‚
1904 1775 1945 1823 si
1966 1773 2166 1838 quidem
2203 1779 2253 1821 et
2274 1771 2426 1836 proba
2450 1773 2500 1818 et
2529 1769 2646 1816 allas

628 1864 881 1913 laudanda
898 1865 963 1914 sit
986 1864 1137 1914 dictio
1150 1902 1164 1927 ‚
1184 1865 1354 1914 utilius
1373 1866 1519 1914 simul
1534 1871 1585 1915 et
1595 1864 1865 1931 jucundius
1883 1864 1987 1912 sore
2001 1863 2152 1912 latine
2174 1899 2190 1925 ‚
2208 1876 2357 1924 quam
2374 1857 2647 1908 recentiore

627 1953 800 2018 lingua
845 1955 1173 2020 compositum
1204 1955 1265 2004 de
1304 1955 1678 2020 antiquitatibus
1710 1953 1921 2003 romanis
1954 1970 2075 2018 opus
2099 1967 2116 2017 3
2139 1949 2390 2000 latinitatis
2423 1964 2540 1997 vero
2561 1951 2648 1995 aut

625 2043 822 2105 ignaros
844 2048 932 2093 aut
960 2058 1123 2093 osores
1143 2044 1223 2093 vix
1241 2044 1367 2093 ullos
1389 2044 1449 2093 de
1485 2045 1584 2092 illis
1604 2042 1715 2092 'rite
1736 2041 2084 2106 cognoscendis
2128 2039 2341 2089 multum
2363 2054 2466 2087 esse
2503 2035 2642 2085 labo-

626 2136 821 2189 raturos
831 2149 849 2199 3
871 2133 1106 2182 nimirum
1123 2134 1284 2182 simile
1302 2133 1386 2182 hic
1409 2139 1558 2198 atque
1583 2134 1633 2181 in
1653 2138 1876 2182 veterum
1890 2131 2066 2181 litteris
2081 2129 2306 2179 accidere
2325 2166 2340 2193 ,
2358 2129 2408 2177 in
2426 2128 2607 2191 quibus
2626 2163 2642 2190 ,

627 2226 686 2271 ut
707 2238 835 2271 unus
856 2238 947 2288 pro
970 2223 1199 2272 omnibus
1236 2224 1520 2272 nominetur
1540 2259 1559 2288 ,
1577 2223 1771 2294 Virgilii
1794 2226 2012 2271 amantes
2034 2258 2049 2284 ‚
2075 2225 2251 2286 praeter
2265 2219 2415 2268 latine
2435 2218 2604 2266 doctos
2626 2251 2644 2282 ‚

627 2313 949 2376 paucissimos
960 2313 1222 2362 inveneris.
1237 2314 1300 2371 Ut
1315 2314 1462 2377 igitur
1485 2313 1563 2361 his
1581 2328 1680 2361 non
1695 2311 1872 2361 desunt
1881 2309 2072 2374 Virgilii
2093 2308 2447 2358 recentioribus
2467 2305 2648 2370 linguis

631 2401 953 2467 interpretes,
996 2419 1210 2466 quorum
1248 2404 1405 2469 adjuti
1450 2403 1648 2467 ingenio
1691 2408 1845 2468 poetae
1887 2400 2028 2450 latini
2065 2400 2300 2449 suavitate
2344 2398 2654 2462 aliquatenus

626 2492 860 2546 fruantur
878 2506 894 2555 3
918 2490 989 2538 sic
1019 2506 1184 2554 neque
1218 2492 1571 2555 antiquitatum
1611 2506 1928 2539 romanarum
1951 2490 2129 2553 llnguae
2158 2489 2319 2537 latinzc
2341 2488 2548 2536 rudibus
2566 2523 2584 2552 ,
2608 2492 2660 2536 et

630 2580 789 2627 multo
805 2578 968 2628 minus
990 2579 1199 2636 deerunt
1222 2585 1447 2636 auctores
1464 2613 1483 2643 ,
1507 2593 1535 2627 e
1559 2578 1741 2642 quibu·
1778 2579 1975 2625 illarum
2008 2577 2233 2625 notitiam
2257 2576 2511 2639 colligant.
2536 2576 2657 2624 mihi

633 2673 799 2716 autem
822 2668 943 2717 tales
980 2667 1245 2741 discipulos
1266 2703 1282 2731 ‚
1306 2667 1519 2731 ingenue
1541 2667 1698 2714 fateor
1718 2700 1734 2721 ,
1758 2680 1933 2734 pamm
1972 2664 2210 2730 optabiles
2253 2663 2410 2712 videri
2434 2700 2450 2726 ,
2474 2665 2658 2727 quippe

633 2757 722 2830 qui
765 2762 990 2807 veterum
1045 2757 1312 2822 praesertim
1363 2755 1641 2804 litterarum
1695 2752 1970 2801 amantibus
2020 2752 2206 2800 librum
2256 2751 2612 2815 composuerim
2638 2786 2655 2812 ‚

633 2861 848 2912 quarum
887 2845 1106 2894 studium
1146 2850 1197 2898 et
1232 2859 1448 2892 amorem
1468 2880 1485 2906 ,
1508 2848 1566 2890 ut
1588 2843 1649 2891 ab
1694 2840 2043 2904 antiquitatum
2084 2839 2363 2902 cognitione
2388 2877 2404 2903 ‚
2426 2839 2465 2887 si
2486 2855 2657 2888 rernm

636 2934 901 2996 quaeritnus
914 2969 934 3000 ,
952 2933 1144 3000 sejungi
1159 2934 1335 2996 nequit
1352 2969 1368 2997 ‚
1391 2930 1458 2979 ita
1480 2947 1574 2980 nec
1596 2930 1700 2979 sine
1719 2930 1972 2979 latinitatis
2012 2944 2176 2977 amore
2214 2927 2474 2991 studioque
2496 2929 2660 2991 vigere

634 3038 777 3088 posse
812 3003 1054 3073 existimo.
1088 3022 1189 3072 Nec
1220 3038 1367 3083 vero,
1404 3036 1527 3085 quas
1560 3020 1747 3069 litteras
1777 3035 1805 3069 a
1839 3019 2004 3083 pueris
2026 3020 2191 3068 colere
2221 3033 2478 3081 nunquam
2501 3018 2658 3080 desii,

640 3113 844 3162 minoris
877 3113 976 3161 illas
1002 3112 1128 3160 mihi
1157 3127 1291 3160 nunc
1323 3110 1433 3160 ideo
1461 3109 1700 3158 saciendoe
1719 3146 1734 3171 ‚
1760 3108 1995 3172 quoniam
2023 3124 2125 3156 non
2157 3123 2336 3171 graecas
2369 3107 2544 3170 modo,
2574 3109 2661 3158 sed

638 3203 816 3251 latinas
839 3203 962 3253 adeo
992 3199 1205 3251 docendi
1230 3201 1466 3250 facultate
1492 3215 1573 3248 me
1605 3199 1787 3264 privari
1815 3199 1993 3247 visum.
2026 3199 2132 3261 Quo
2167 3197 2368 3262 quidem
2396 3199 2663 3263 impensius

637 3291 881 3341 lltteraria
919 3291 1181 3356 publicum
1226 3291 1280 3339 in
1322 3306 1467 3339 usum
1500 3269 1739 3337 industria
1782 3288 1833 3337 id
1868 3287 1992 3337 mihi
2031 3288 2358 3356 praestandum
2403 3288 2623 3351 intelligo
2644 3325 2660 3351 ‚

639 3396 705 3429 ne
748 3397 849 3430 non
884 3387 988 3430 tam
1025 3380 1266 3444 digniori,
1304 3396 1454 3442 quem
1490 3378 1655 3443 magni
1696 3379 1974 3443 meritoque
2013 3395 2206 3444 semper
2248 3379 2342 3427 feci
2362 3413 2378 3441 ‚
2423 3377 2627 3425 inferior
2645 3414 2662 3441 ,

638 3486 791 3534 quam
812 3469 985 3520 rudior
1014 3469 1243 3533 tandem,
1276 3474 1356 3532 et,
1390 3469 1472 3517 eui
1491 3469 1596 3535 jam
1629 3485 1764 3534 paene
1784 3469 2116 3531 insenueram‚
2148 3468 2341 3518 muneri
2378 3467 2538 3530 impar
2561 3483 2663 3516 esse

637 3540 889 3624 judicatus
909 3597 927 3624 ‚
968 3558 1142 3623 sicque
1164 3574 1264 3608 una
1295 3562 1346 3607 et
1372 3559 1559 3606 litteras
1589 3559 1764 3607 latinas
1786 3564 1836 3607 et
1857 3558 2001 3622 longe
2021 3558 2281 3605 maximam
2306 3555 2669 3613 emolumento-⁸

653 3664 766 3697 rum
784 3654 978 3713 partem
994 3648 1110 3714 jure
1130 3647 1347 3712 quodam
1361 3663 1453 3696 nec
1475 3646 1581 3696 sine
1601 3663 1711 3697 mea
1735 3648 1881 3713 culpa
1902 3647 2068 3697 videar
2089 3644 2320 3694 amisisse.

707 3762 777 3825 (Ψ)
811 3763 1079 3813 Persuasus
1097 3764 1288 3814 scilicet
1307 3802 1324 3829 ‚
1347 3763 1560 3820 certiora
1584 3780 1790 3829 quaeque
1811 3769 1862 3813 et
1882 3764 2066 3829 optima
2089 3739 2348 3811 doctorum
2366 3761 2507 3814 libris
2524 3799 2541 3827 ‚
2562 3779 2665 3813 non

638 3851 888 3902 fasciculis
920 3867 978 3900 ex
1012 3869 1184 3902 eorum
1223 3870 1308 3904 ore
1342 3855 1566 3904 collectis
1598 3854 1876 3917 contineri,
1919 3854 2007 3916 qui
2044 3857 2209 3902 tamen
2244 3867 2272 3900 a
2305 3853 2671 3906 venerabundia

639 3955 946 3990 summorum
988 3940 1210 3991 virorum
1249 3944 1502 4010 discipulis
1540 3945 1716 3994 merito
1756 3948 1808 3992 et
1841 3943 2076 3991 coluntur
2095 3947 2145 3991 et
2164 3947 2498 4008 propagantur
2518 3981 2536 4008 ‚
2573 3961 2667 3996 nec

638 4045 756 4086 sane
782 4045 863 4093 per
892 4045 941 4074 sc
966 4032 1311 4079 contemnendi
1332 4049 1348 4098 3
1374 4032 1459 4081 sed
1485 4038 1650 4084 notan
1679 4031 1948 4106 multogum
1967 4032 2257 4097 jactantiam
2280 4032 2424 4083 facile
2439 4049 2667 4100 mecum,

638 4119 760 4192 quin
798 4119 973 4176 laedere
999 4134 1283 4192 quenquam
1310 4123 1501 4171 animus
1524 4122 1584 4170 sit
1605 4159 1617 4184 2
1643 4138 1881 4178 aversore.
