3111 4829
1318 404 1569 491 (131)

432 534 654 584 Niebuhr
669 536 939 600 suspicatus
961 541 1035 587 est
1047 572 1063 600 ,
1084 551 1254 589 omnes
1281 544 1461 601 prester
1481 537 1646 602 capite
1663 552 1835 589 censos
1853 542 2140 606 proletarios
2165 545 2330 596 [uisse.
2349 550 2446 600 Ve—

432 640 544 673 rum
561 632 801 690 repugnat
813 664 829 691 ‚
848 633 907 676 ut
922 628 1023 692 ipse
1040 629 1163 677 vidit
1174 665 1190 694 ‚
1209 629 1391 678 Gellius
1406 666 1422 693 ‚
1446 630 1607 694 capite
1620 646 1790 680 censos
1805 647 1984 682 vocans
1999 671 2014 699 ,
2039 651 2252 699 quorum
2269 654 2447 691 cenam

432 730 531 764 non
542 718 698 782 major
716 717 812 767 575
833 721 916 778 (v.
943 718 1057 767 580.
1079 724 1099 781 )
1116 719 1300 767 assibus
1321 755 1336 781 ‚
1359 719 1647 783 proletarios
1665 756 1682 784 ,
1701 737 1915 784 quorum
1934 724 2091 788 major
2111 725 2186 774 his
2200 763 2214 789 ,
2239 728 2324 776 sed
2345 744 2449 779 non

432 806 589 870 major
620 806 765 856 1500.
801 807 1060 872 Repugnat
1080 809 1226 858 etium
1266 808 1439 858 Cicero
1456 791 1549 869 (de
1568 809 1699 875 Rep.
1718 811 1749 859 2
1766 848 1782 876 ‚
1800 811 1914 873 22.)
1946 814 2232 876 proletarios
2262 790 2448 869 faciens

427 911 622 961 omnes,
642 899 739 960 qus·
755 904 847 945 aut
860 913 967 947 non
984 899 1110 962 plus
1145 898 1285 947 mille
1303 902 1640 963 quinqentum
1677 902 1795 949 oers‘e
1812 935 1831 964 ,
1874 910 1971 950 aut
1990 907 2197 955 omnino
2231 908 2367 956 m‘lcs‘l
2385 912 2446 957 s‘n

421 1001 579 1035 suum
598 1002 806 1035 censum
821 995 1010 1051 pmcn»-
1021 994 1178 1051 caput
1191 988 1512 1051 attulissent,
1529 989 1703 1051 sicque
1718 1002 1749 1036 a
1765 987 1931 1039 Servio
1955 989 2116 1039 Tullio
2141 992 2408 1058 adpellata·
2427 1033 2444 1059 ‚

425 1079 484 1121 su
496 1090 555 1121 ex
575 1076 641 1121 iis
663 1076 817 1137 quasi
826 1076 1016 1139 proles,
1041 1077 1098 1124 s'd
1106 1082 1181 1124 est
1193 1078 1348 1139 quasi
1358 1078 1630 1140 proqem‘ss
1642 1079 1862 1127 civitatis
1879 1082 2161 1142 exspectari
2169 1082 2441 1135 videretur.

426 1160 628 1209 Eosdem
645 1177 791 1225 porro
813 1163 1100 1227 proletarios
1123 1180 1151 1212 a
1172 1164 1362 1212 tributo
1376 1199 1391 1226 ‚
1413 1164 1554 1213 initio
1577 1170 1739 1229 certe,
1757 1166 2000 1215 immunes
2025 1203 2041 1231 ,
2061 1167 2261 1217 ditiores
2271 1176 2445 1221 contra

424 1251 640 1315 ejusdem
658 1251 823 1300 elassis
844 1252 1087 1303 immunes
1107 1269 1209 1302 non
1230 1252 1379 1303 fuisse
1394 1288 1409 1314 ,
1440 1253 1622 1304 diserte
1650 1255 1839 1318 arguit,
1878 1271 2004 1304 novo
2038 1254 2287 1306 Ciceronis
2307 1262 2447 1309 testi-

423 1343 587 1391 monio
597 1343 905 1410 confirmata,
920 1345 1104 1394 civium
1115 1345 1284 1411 habita
1304 1345 1478 1395 tributi
1489 1345 1742 1393 rationein
1752 1345 1989 1410 assiduos,
2002 1347 2038 1395 i.
2053 1364 2103 1395 e.
2113 1363 2241 1396 asses
2251 1348 2443 1414 dantes,

419 1431 521 1495 sive
544 1430 815 1496 locupletes
835 1433 943 1492 (Cf.
962 1433 1066 1481 Cic.
1088 1434 1126 1482 l.
1147 1449 1196 1481 c.
1213 1433 1593 1494 etGeu.16‚10.
1610 1431 1735 1491 Vide
1753 1429 1797 1501 §.
1810 1432 1901 1487 261
1923 1437 1971 1497 )‚
1993 1439 2046 1484 et
2061 1436 2349 1499 proletarios
2368 1437 2443 1485 di-

419 1520 557 1583 visio,
568 1522 676 1583 qui,
694 1523 883 1586 prolem
900 1522 1091 1570 scilicet
1107 1521 1297 1587 dantes,
1315 1538 1441 1570 asses
1457 1522 1689 1570 dantibus
1698 1523 2274 1586 opponuntur-‚Videmus
2286 1524 2437 1589 igitur
2451 1504 2479 1517 ἱ

415 1624 613 1656 causam
625 1645 640 1672 ‚
664 1625 756 1657 cur
770 1611 1021 1674 proletarii
1039 1612 1135 1658 boe
1151 1612 1350 1659 nomine
1372 1610 1735 1675 distinguantur
1749 1647 1764 1674 ‚
1788 1625 1881 1659 cur
1903 1617 2068 1659 autem
2080 1612 2281 1661 ditiores
2300 1615 2436 1678 ejus-

414 1697 529 1747 dem
547 1699 741 1764 classis,
763 1704 816 1748 et
830 1700 1138 1750 assiduorum
1160 1702 1358 1751 nomine
1379 1701 1750 1766 comprehensi,
1779 1702 1879 1750 alio
1912 1701 2115 1767 insuper
2135 1701 2440 1767 distinguan-

411 1794 498 1837 tur
522 1824 538 1851 ,
557 1802 657 1837 non
687 1789 927 1840 videmus.
969 1791 1214 1841 (laterum
1236 1792 1397 1856 capite
1419 1807 1590 1840 censos
1610 1790 1759 1839 initio
1792 1791 1990 1840 eosdem
2011 1807 2131 1840 cum
2163 1794 2444 1858 proletariis

409 1878 559 1928 fuisse
580 1878 833 1929 crederem
847 1917 863 1945 ‚
888 1896 1102 1944 quorum
1129 1896 1305 1931 census
1318 1918 1334 1945 ‚
1356 1888 1414 1930 ut
1432 1886 1547 1947 pote
1569 1881 1697 1930 nihil
1715 1882 2005 1946 reipublic&
2026 1882 2287 1932 conserens
2300 1919 2316 1946 ,
2350 1900 2444 1948 pro

412 1969 549 2018 nullo
566 1970 737 2018 haberi
750 2006 765 2031 ,
788 1971 959 2033 sicque
977 1972 1069 2035 ipsi
1088 1973 1247 2037 capite
1279 1972 1415 2020 censi
1448 1987 1550 2020 non
1579 1971 1791 2022 absurde
1812 1973 1981 2021 vocari
2018 1978 2243 2037 pqtuere.
2263 1972 2381 2035 Qum
2397 1972 2440 2020 si

412 2063 547 2106 recte
570 2095 586 2120 ,
624 2074 725 2106 non
758 2060 886 2108 male
907 2076 936 2107 e
956 2060 1114 2109 Gellio
1135 2061 1456 2125 conjiciemus
1474 2096 1490 2123 ‚
1526 2065 1638 2125 post
1652 2077 1682 2107 ι
1717 2060 1816 2108 575
1839 2061 1902 2108 ad
1925 2061 2053 2107 1500
2075 2074 2203 2108 asses
2226 2076 2399 2109 censos
2422 2099 2439 2125 ‚

408 2151 636 2195 manente
656 2148 1035 2210 proletariomm
1052 2150 1252 2198 nomine
1264 2186 1280 2213 ‚
1308 2150 1552 2199 tributum
1572 2147 1777 2211 aliquod
1795 2147 2096 2196 levissimum
2114 2149 2399 2214 pependisse
2418 2185 2436 2212 ‚

408 2240 726 2306 pauperiores
746 2242 911 2288 autem
925 2241 1031 2305 jam
1046 2239 1174 2287 solos
1196 2238 1359 2302 capite
1382 2253 1553 2286 censos
1575 2253 1680 2286 esse
1703 2236 1992 2302 adpellatos.

508 2382 656 2446 145.
704 2380 790 2443 Ex
830 2374 1023 2444 ce‘nsu
1051 2377 1356 2468 tributum
1401 2362 1650 2464 quoque
1693 2376 1928 2442 civibus
1956 2377 2341 2465 impositum3
2376 2392 2440 2445 et

407 2492 627 2557 tributi
651 2514 847 2578 genus
871 2492 1180 2555 numisma
1196 2490 1377 2575 jussu
1397 2490 1592 2554 Servii
1614 2491 1784 2555 festis
1805 2492 2207 2577 paganalibus
2227 2541 2245 2576 ‚
2269 2493 2444 2559 aliud

407 2629 447 2670 a
470 2605 645 2689 viris,
680 2603 850 2670 aliud
874 2628 911 2670 a
938 2605 1209 2669 soeminis
1228 2653 1245 2688 ,
1272 2603 1443 2669 aliud
1470 2602 1550 2668 ab
1574 2604 2001 2690 impuberibus
2021 2606 2312 2670 collatum
2348 2605 2440 2693 1).

413 2717 749 2800 Caeterum,
807 2719 875 2781 in
937 2717 1149 2803 populi
1176 2765 1194 2800 ‚
1240 2739 1430 2803 quam
1490 2715 1898 2782 indicavimus
1918 2767 1936 2801 ,
1979 2717 2274 2782 divisione
2320 2718 2442 2784 hoc

410 2832 668 2918 sapienti
697 2831 829 2918 regi
850 2833 1112 2896 maxime
1144 2832 1520 2917 propositum
1549 2832 1668 2896 ruit
1688 2880 1706 2914 ,
1738 2842 1807 2896 ut
1829 2832 2040 2919 populi
2071 2842 2432 2918 potestatem

411 2946 571 3008 inter
605 2945 889 3031 patricios
912 2956 972 3010 el
1007 2945 1278 3032 plebejos
1313 2957 1551 3032 aequato
1589 2943 1694 3010 hic
1732 2945 1873 3030 jure
1906 2943 2239 3028 divideret,
2273 2967 2438 3011 ean-

410 3056 676 3147 demque
727 3082 874 3124 cum
923 3060 1132 3145 patrias
1173 3058 1579 3124 defendendas
1621 3080 1770 3123 cura
1823 3058 2146 3123 ditioribus
2196 3059 2436 3123 civibus

407 3173 787 3258 potissimum
810 3174 1215 3259 permitteret:
1244 3172 1401 3238 illud
1428 3183 1737 3238 assecutus
1760 3182 1878 3255 est,
1908 3171 2119 3237 ambos
2149 3171 2396 3236 ordines
2416 3220 2436 3256 ‚

405 3297 477 3350 ut
504 3287 753 3375 quidem
776 3288 1018 3353 videtur
1036 3337 1053 3369 ,
1085 3291 1152 3351 in
1180 3288 1470 3353 classibus
1498 3289 1762 3353 miscens
1779 3337 1797 3372 ‚
1828 3286 1983 3372 hoc,
2013 3310 2124 3374 pro
2144 3288 2432 3352 classium

406 3402 892 3491 censu]singulis
917 3450 934 3484 ‚
979 3412 1050 3466 ut
1094 3400 1395 3465 tributum
1433 3402 1791 3486 imponens,
1835 3401 1920 3465 ita
1957 3422 2128 3465 arma
2153 3400 2433 3486 telaque,

404 3525 466 3578 et
486 3515 802 3600 proprium
825 3516 893 3578 in
915 3515 1075 3598 acie,
1097 3535 1237 3600 quae
1267 3524 1398 3578 tum
1427 3512 1688 3599 phalanx
1711 3511 1808 3604 (§.
1837 3513 1990 3578 371.
2009 3511 2034 3599 )
2050 3561 2068 3597 ,
2090 3514 2304 3578 locum
2328 3509 2436 3598 2),

406 3637 469 3691 et
506 3626 933 3714 suffragiorum
983 3629 1051 3692 in
1092 3627 1356 3692 comitiis
1390 3648 1727 3692 numerum
1764 3626 2065 3691 tribuens.
2109 3612 2212 3690 ‘Ad
2252 3645 2436 3689 usum

404 3741 733 3805 militarem
774 3742 1001 3827 pariter
1043 3739 1259 3806 divisio
1285 3741 1353 3805 in
1378 3741 1657 3825 juniores
1682 3751 1741 3805 et
1764 3742 2070 3825 seniorcS,
2100 3740 2435 3826 posteriore

404 3853 590 3919 etiam
624 3855 750 3919 aevo
780 3857 845 3920 in
886 3857 1169 3921 tribubus
1200 3866 1429 3922 servata
1456 3835 1571 3946 (§.⁶
1595 3853 1784 3945 163.)
1812 3856 2096 3921 Juniores
2117 3905 2134 3939 ‚
2165 3855 2245 3920 ab
2266 3877 2429 3920 anno

404 3967 644 4035 decimo
674 3972 927 4057 septimo
947 4021 964 4055 ‚
996 3973 1141 4036 foris
1170 3971 1516 4054 bellabant,
1545 3969 1809 4035 seniores
1832 4020 1850 4054 ,
1892 3994 1927 4036 a
1964 3968 2428 4060 quadragesimo

405 4082 692 4170 septimo,
726 4083 894 4150 urbis
915 4085 1262 4154 defensores
1286 4083 1793 4172 relinquebantur
1824 4082 1914 4174 3).
