3111 4829
1596 392 1622 475 (
1660 391 1700 451 8
1739 388 1764 472 )

678 542 846 613 cata,
866 528 1339 616 quibuscunque
1353 527 1440 589 ”in
1465 523 1700 610 scriptis
1727 525 1997 611 plurima
2019 529 2419 596 inveniuntur
2436 554 2455 617 3
2489 552 2685 621 quare

676 644 811 709 haec
844 663 1091 729 quoque
1128 652 1236 707 aut
1267 639 1526 704 lectione
1554 640 1799 725 cognita
1823 688 1841 725 ,
1879 653 1988 707 aut
2028 641 2299 710 literaria
2354 657 2519 710 certe
2550 669 2681 713 no-

677 758 811 822 titia
839 755 1274 842 comprehensa
1304 752 1566 835 habere,
1600 774 1726 817 non
1756 754 1903 819 levis
1945 765 2034 819 est
2067 759 2396 824 momenti.

765 876 829 937 6.
877 871 954 935 In
996 865 1458 954 antiquitatibus
1501 867 1800 932 Romanis
1839 869 2117 956 plerique
2153 869 2306 937 duas
2347 884 2548 959 partes
2580 897 2688 940 ar-

673 996 969 1076 gumento
1022 982 1450 1048 diversissimas
1492 993 1794 1049 tractant:
1836 984 2025 1051 altera
2082 986 2253 1057 urbis
2295 987 2514 1053 Romae
2557 988 2684 1055 de-

672 1102 1064 1187 scriptionem
1099 1108 1160 1162 et
1199 1107 1602 1162 monumenta
1623 1146 1641 1180 ,
1676 1098 1865 1164 altera
1891 1099 2105 1185 populi
2129 1101 2403 1165 Romani
2442 1113 2674 1167 statum

671 1216 795 1279 sive
830 1210 1103 1278 instituta
1142 1231 1463 1297 moresque
1500 1212 1968 1297 complectitur3
2011 1213 2202 1299 priori
2237 1214 2494 1301 quidam
2528 1214 2687 1281 cho-

669 1325 1104 1414 rographicam
1156 1326 1444 1412 insuper,
1485 1337 1559 1391 ut
1609 1337 1862 1411 vocant,
1905 1327 2158 1415 Imperii
2204 1330 2476 1395 Romani
2533 1352 2690 1395 con-

668 1452 943 1528 spectum
965 1439 1299 1525 adjiciunt,
1319 1461 1506 1527 quem
1526 1461 1637 1505 nos
1657 1462 1904 1527 quoque
1926 1443 1994 1505 in
2018 1444 2413 1529 sequentibus
2440 1444 2688 1508 brevis—

667 1557 897 1621 simum
920 1553 1294 1619 exhibemus,
1322 1552 1501 1619 Urbis
1517 1564 1725 1618 autem
1762 1554 2154 1642 antiquitates
2197 1578 2405 1643 neque
2442 1579 2686 1643 prorsus

667 1666 1033 1735 omittendas
1067 1667 1275 1750 nobis,
1303 1687 1508 1752 neque
1530 1667 1773 1752 copiose
1800 1668 2143 1733 tractandas
2172 1668 2478 1736 ducimus,
2506 1672 2691 1758 Nam,

667 1797 741 1851 ut
795 1784 930 1869 ejus
969 1780 1238 1868 cognitio
1290 1778 1573 1867 quaedam
1617 1780 1941 1855 literarum
1992 1792 2053 1845 et
2105 1779 2371 1847 historiae
2405 1795 2689 1851 veterum

668 1896 949 1964 studiosis
975 1894 1141 1959 utilis
1176 1890 1515 1979 eademque
1549 1891 1836 1976 jucunda
1877 1904 1967 1958 est
1994 1942 2012 1977 ,
2046 1896 2133 1959 sie
2165 1895 2403 1980 plenior
2431 1899 2691 1967 scientia

668 2010 1067 2098 amplioribus
1104 2006 1183 2072 de
1220 2006 1338 2072 hac
1381 2016 1594 2091 parte,
1638 2027 1828 2092 quam
1868 2007 2067 2093 operis
2101 2009 2291 2073 nostri
2331 2010 2483 2076 ratio
2521 2033 2689 2077 con-

666 2124 881 2208 cedat,
915 2120 1280 2186 lectionibus
1312 2116 1744 2208 relinquenda.

760 2245 824 2306 7.
881 2239 957 2302 In
1019 2237 1448 2301 Romanorum
1500 2245 1710 2301 autem
1757 2246 1916 2301 statu
1974 2238 2314 2305 enarrando
2335 2286 2362 2317 ,
2420 2241 2569 2306 libri
2620 2244 2692 2311 in

666 2355 846 2419 binas
866 2350 1160 2417 sectiones
1184 2358 1247 2444 et
1272 2348 1616 2414 sectionum
1635 2349 1704 2414 in
1734 2350 1931 2438 capita
1951 2351 2310 2420 divisionem
2331 2365 2655 2443 sequentes
2671 2406 2691 2444 ,

667 2471 740 2534 in
778 2467 980 2554 priore
1022 2465 1289 2529 sectione
1312 2512 1330 2547 ,
1362 2486 1501 2550 quae
1552 2464 1818 2549 publicis
1858 2468 2117 2533 civitatis
2154 2470 2447 2535 institutis
2486 2474 2694 2536 conti-

665 2591 900 2648 nentur
919 2627 937 2662 ,
970 2579 1038 2640 in
1064 2576 1392 2663 posteriore
1421 2576 1718 2662 privatam
1757 2578 2185 2644 Romanorum
2217 2582 2404 2645 vitam
2431 2604 2695 2670 expone-

667 2716 831 2761 mus.
862 2691 1085 2756 Prioris
1111 2690 1304 2777 igitur
1334 2689 1617 2755 sectionis
1650 2711 1795 2755 sena
1821 2691 2017 2777 capita
2046 2705 2231 2758 erunt
2267 2717 2283 2758 τ

761 2808 813 2872 1.
862 2804 940 2871 de
994 2805 1337 2869 incolarum
1384 2804 1450 2868 in
1509 2804 1782 2892 Imperio
1836 2815 1900 2870 et
1964 2805 2205 2871 civitate
2252 2808 2537 2876 Romana
2579 2809 2694 2875 di-

674 2921 998 2986 stinctione
1037 2918 1323 3006 variaque
1365 2917 1718 2984 conditione
1743 2968 1762 3003 ,

760 3037 845 3102 11.
893 3035 972 3100 de
1015 3032 1368 3120 reipublicae
1404 3032 1690 3120 regendas
1731 3043 1792 3097 et
1821 3032 2319 3102 administrandas
2337 3085 2358 3122 ,

758 3150 877 3215 111.
926 3147 1004 3214 de
1047 3149 1260 3234 legum
1298 3158 1360 3214 et
1391 3147 1648 3232 justitiae
1683 3146 1915 3211 ratione
1940 3196 1958 3231 ,

761 3264 874 3331 lv.
924 3262 1001 3327 de
1038 3261 1335 3348 religione
1372 3272 1433 3327 et
1471 3259 1672 3345 ludis,

764 3376 845 3445 V.
898 3375 975 3441 de
1016 3398 1082 3440 re
1118 3374 1414 3460 militari,

737 3492 848 3582 VJ.
874 3487 953 3555 de
974 3490 1369 3575 agricultura,
1394 3499 1766 3574 mercatura,
1787 3492 2118 3579 quaestibus
2135 3493 2356 3580 (artes,
2383 3491 2691 3583 opifices),

676 3605 1066 3691 navigatione
1088 3653 1105 3688 ,
1137 3604 1345 3668 numis
1364 3652 1381 3687 ,
1405 3603 1808 3690 ponderibus,
1828 3605 2160 3687 mensuris,
2181 3603 2346 3668 idem
2376 3607 2695 3693 vectigalia

680 3718 1111 3803 complectens.
1142 3718 1491 3784 Posterioris
1529 3697 1810 3784 sectionis
1847 3719 2140 3803 capitum.

768 3830 821 3893 1.
869 3828 947 3894 de
993 3830 1199 3896 indole
1257 3833 1685 3897 Romanorum
1742 3842 1802 3896 et
1862 3830 2101 3917 ingenii
2147 3832 2429 3917 cultura,
2492 3832 2698 3924 deque

682 3942 913 4026 literis,
952 3941 1285 4027 disciplinis
1330 3955 1391 4008 et
1431 3945 1663 4010 artibus
1687 3993 1705 4030 ,

768 4055 850 4123 11.
902 4053 979 4119 de
1016 4057 1292 4122 moribus
1332 4079 1404 4124 ac
1449 4056 1793 4124 domesticae
1838 4059 1974 4127 vitae
2014 4061 2406 4129 consuedine.
